timestamp,event_type,order_id,side,price,quantity
1704067200000000000,ADD,1,BUY,41950.00,1
1704067200000100000,ADD,2,BUY,41950.00,9
1704067200000200000,ADD,3,BUY,41950.50,8
1704067200000300000,ADD,4,BUY,41950.50,5
1704067200000400000,ADD,5,BUY,41950.50,4
1704067200000500000,ADD,6,BUY,41951.00,19
1704067200000600000,ADD,7,BUY,41951.00,14
1704067200000700000,ADD,8,BUY,41951.50,1
1704067200000800000,ADD,9,BUY,41951.50,3
1704067200000900000,ADD,10,BUY,41952.00,8
1704067200001000000,ADD,11,BUY,41952.00,17
1704067200001100000,ADD,12,BUY,41952.00,20
1704067200001200000,ADD,13,BUY,41952.50,18
1704067200001300000,ADD,14,BUY,41952.50,7
1704067200001400000,ADD,15,BUY,41953.00,8
1704067200001500000,ADD,16,BUY,41953.00,15
1704067200001600000,ADD,17,BUY,41953.00,19
1704067200001700000,ADD,18,BUY,41953.00,9
1704067200001800000,ADD,19,BUY,41953.00,1
1704067200001900000,ADD,20,BUY,41953.50,14
1704067200002000000,ADD,21,BUY,41953.50,11
1704067200002100000,ADD,22,BUY,41953.50,9
1704067200002200000,ADD,23,BUY,41954.00,7
1704067200002300000,ADD,24,BUY,41954.00,11
1704067200002400000,ADD,25,BUY,41954.00,4
1704067200002500000,ADD,26,BUY,41954.50,13
1704067200002600000,ADD,27,BUY,41954.50,4
1704067200002700000,ADD,28,BUY,41955.00,12
1704067200002800000,ADD,29,BUY,41955.00,20
1704067200002900000,ADD,30,BUY,41955.00,9
1704067200003000000,ADD,31,BUY,41955.00,2
1704067200003100000,ADD,32,BUY,41955.50,18
1704067200003200000,ADD,33,BUY,41955.50,4
1704067200003300000,ADD,34,BUY,41955.50,13
1704067200003400000,ADD,35,BUY,41955.50,3
1704067200003500000,ADD,36,BUY,41955.50,18
1704067200003600000,ADD,37,BUY,41956.00,20
1704067200003700000,ADD,38,BUY,41956.00,12
1704067200003800000,ADD,39,BUY,41956.00,19
1704067200003900000,ADD,40,BUY,41956.00,7
1704067200004000000,ADD,41,BUY,41956.50,2
1704067200004100000,ADD,42,BUY,41956.50,8
1704067200004200000,ADD,43,BUY,41957.00,3
1704067200004300000,ADD,44,BUY,41957.00,8
1704067200004400000,ADD,45,BUY,41957.00,4
1704067200004500000,ADD,46,BUY,41957.00,13
1704067200004600000,ADD,47,BUY,41957.50,15
1704067200004700000,ADD,48,BUY,41957.50,12
1704067200004800000,ADD,49,BUY,41957.50,6
1704067200004900000,ADD,50,BUY,41957.50,12
1704067200005000000,ADD,51,BUY,41958.00,7
1704067200005100000,ADD,52,BUY,41958.00,9
1704067200005200000,ADD,53,BUY,41958.00,3
1704067200005300000,ADD,54,BUY,41958.00,20
1704067200005400000,ADD,55,BUY,41958.50,18
1704067200005500000,ADD,56,BUY,41958.50,8
1704067200005600000,ADD,57,BUY,41958.50,6
1704067200005700000,ADD,58,BUY,41959.00,13
1704067200005800000,ADD,59,BUY,41959.00,9
1704067200005900000,ADD,60,BUY,41959.00,18
1704067200006000000,ADD,61,BUY,41959.00,8
1704067200006100000,ADD,62,BUY,41959.00,11
1704067200006200000,ADD,63,BUY,41959.50,8
1704067200006300000,ADD,64,BUY,41959.50,2
1704067200006400000,ADD,65,BUY,41960.00,13
1704067200006500000,ADD,66,BUY,41960.00,9
1704067200006600000,ADD,67,BUY,41960.00,3
1704067200006700000,ADD,68,BUY,41960.00,7
1704067200006800000,ADD,69,BUY,41960.50,7
1704067200006900000,ADD,70,BUY,41960.50,16
1704067200007000000,ADD,71,BUY,41960.50,13
1704067200007100000,ADD,72,BUY,41960.50,15
1704067200007200000,ADD,73,BUY,41961.00,9
1704067200007300000,ADD,74,BUY,41961.00,5
1704067200007400000,ADD,75,BUY,41961.00,8
1704067200007500000,ADD,76,BUY,41961.50,19
1704067200007600000,ADD,77,BUY,41961.50,14
1704067200007700000,ADD,78,BUY,41961.50,19
1704067200007800000,ADD,79,BUY,41961.50,13
1704067200007900000,ADD,80,BUY,41962.00,8
1704067200008000000,ADD,81,BUY,41962.00,5
1704067200008100000,ADD,82,BUY,41962.00,17
1704067200008200000,ADD,83,BUY,41962.00,16
1704067200008300000,ADD,84,BUY,41962.50,2
1704067200008400000,ADD,85,BUY,41962.50,4
1704067200008500000,ADD,86,BUY,41963.00,6
1704067200008600000,ADD,87,BUY,41963.00,14
1704067200008700000,ADD,88,BUY,41963.00,20
1704067200008800000,ADD,89,BUY,41963.50,13
1704067200008900000,ADD,90,BUY,41963.50,13
1704067200009000000,ADD,91,BUY,41964.00,17
1704067200009100000,ADD,92,BUY,41964.00,9
1704067200009200000,ADD,93,BUY,41964.00,18
1704067200009300000,ADD,94,BUY,41964.00,1
1704067200009400000,ADD,95,BUY,41964.00,4
1704067200009500000,ADD,96,BUY,41964.50,11
1704067200009600000,ADD,97,BUY,41964.50,4
1704067200009700000,ADD,98,BUY,41964.50,10
1704067200009800000,ADD,99,BUY,41964.50,14
1704067200009900000,ADD,100,BUY,41965.00,15
1704067200010000000,ADD,101,BUY,41965.00,1
1704067200010100000,ADD,102,BUY,41965.00,9
1704067200010200000,ADD,103,BUY,41965.50,17
1704067200010300000,ADD,104,BUY,41965.50,4
1704067200010400000,ADD,105,BUY,41965.50,10
1704067200010500000,ADD,106,BUY,41966.00,5
1704067200010600000,ADD,107,BUY,41966.00,12
1704067200010700000,ADD,108,BUY,41966.00,6
1704067200010800000,ADD,109,BUY,41966.50,20
1704067200010900000,ADD,110,BUY,41966.50,11
1704067200011000000,ADD,111,BUY,41967.00,1
1704067200011100000,ADD,112,BUY,41967.00,4
1704067200011200000,ADD,113,BUY,41967.00,12
1704067200011300000,ADD,114,BUY,41967.00,10
1704067200011400000,ADD,115,BUY,41967.00,8
1704067200011500000,ADD,116,BUY,41967.50,8
1704067200011600000,ADD,117,BUY,41967.50,19
1704067200011700000,ADD,118,BUY,41968.00,3
1704067200011800000,ADD,119,BUY,41968.00,16
1704067200011900000,ADD,120,BUY,41968.50,18
1704067200012000000,ADD,121,BUY,41968.50,5
1704067200012100000,ADD,122,BUY,41969.00,16
1704067200012200000,ADD,123,BUY,41969.00,18
1704067200012300000,ADD,124,BUY,41969.00,6
1704067200012400000,ADD,125,BUY,41969.50,17
1704067200012500000,ADD,126,BUY,41969.50,20
1704067200012600000,ADD,127,BUY,41969.50,14
1704067200012700000,ADD,128,BUY,41969.50,7
1704067200012800000,ADD,129,BUY,41970.00,10
1704067200012900000,ADD,130,BUY,41970.00,13
1704067200013000000,ADD,131,BUY,41970.00,12
1704067200013100000,ADD,132,BUY,41970.50,17
1704067200013200000,ADD,133,BUY,41970.50,15
1704067200013300000,ADD,134,BUY,41970.50,4
1704067200013400000,ADD,135,BUY,41970.50,8
1704067200013500000,ADD,136,BUY,41970.50,8
1704067200013600000,ADD,137,BUY,41971.00,11
1704067200013700000,ADD,138,BUY,41971.00,1
1704067200013800000,ADD,139,BUY,41971.50,19
1704067200013900000,ADD,140,BUY,41971.50,8
1704067200014000000,ADD,141,BUY,41971.50,1
1704067200014100000,ADD,142,BUY,41972.00,2
1704067200014200000,ADD,143,BUY,41972.00,8
1704067200014300000,ADD,144,BUY,41972.50,2
1704067200014400000,ADD,145,BUY,41972.50,11
1704067200014500000,ADD,146,BUY,41973.00,17
1704067200014600000,ADD,147,BUY,41973.00,8
1704067200014700000,ADD,148,BUY,41973.50,16
1704067200014800000,ADD,149,BUY,41973.50,7
1704067200014900000,ADD,150,BUY,41973.50,18
1704067200015000000,ADD,151,BUY,41973.50,5
1704067200015100000,ADD,152,BUY,41974.00,8
1704067200015200000,ADD,153,BUY,41974.00,16
1704067200015300000,ADD,154,BUY,41974.00,14
1704067200015400000,ADD,155,BUY,41974.00,7
1704067200015500000,ADD,156,BUY,41974.00,4
1704067200015600000,ADD,157,BUY,41974.50,14
1704067200015700000,ADD,158,BUY,41974.50,12
1704067200015800000,ADD,159,BUY,41975.00,14
1704067200015900000,ADD,160,BUY,41975.00,15
1704067200016000000,ADD,161,BUY,41975.00,2
1704067200016100000,ADD,162,BUY,41975.00,4
1704067200016200000,ADD,163,BUY,41975.00,2
1704067200016300000,ADD,164,BUY,41975.50,11
1704067200016400000,ADD,165,BUY,41975.50,4
1704067200016500000,ADD,166,BUY,41975.50,8
1704067200016600000,ADD,167,BUY,41975.50,7
1704067200016700000,ADD,168,BUY,41975.50,7
1704067200016800000,ADD,169,BUY,41976.00,5
1704067200016900000,ADD,170,BUY,41976.00,14
1704067200017000000,ADD,171,BUY,41976.00,6
1704067200017100000,ADD,172,BUY,41976.00,9
1704067200017200000,ADD,173,BUY,41976.00,15
1704067200017300000,ADD,174,BUY,41976.50,3
1704067200017400000,ADD,175,BUY,41976.50,15
1704067200017500000,ADD,176,BUY,41976.50,18
1704067200017600000,ADD,177,BUY,41977.00,2
1704067200017700000,ADD,178,BUY,41977.00,18
1704067200017800000,ADD,179,BUY,41977.50,3
1704067200017900000,ADD,180,BUY,41977.50,8
1704067200018000000,ADD,181,BUY,41978.00,14
1704067200018100000,ADD,182,BUY,41978.00,16
1704067200018200000,ADD,183,BUY,41978.00,16
1704067200018300000,ADD,184,BUY,41978.50,13
1704067200018400000,ADD,185,BUY,41978.50,2
1704067200018500000,ADD,186,BUY,41978.50,6
1704067200018600000,ADD,187,BUY,41979.00,1
1704067200018700000,ADD,188,BUY,41979.00,13
1704067200018800000,ADD,189,BUY,41979.00,9
1704067200018900000,ADD,190,BUY,41979.00,15
1704067200019000000,ADD,191,BUY,41979.00,10
1704067200019100000,ADD,192,BUY,41979.50,18
1704067200019200000,ADD,193,BUY,41979.50,16
1704067200019300000,ADD,194,BUY,41979.50,5
1704067200019400000,ADD,195,BUY,41979.50,7
1704067200019500000,ADD,196,BUY,41979.50,10
1704067200019600000,ADD,197,BUY,41980.00,2
1704067200019700000,ADD,198,BUY,41980.00,19
1704067200019800000,ADD,199,BUY,41980.00,18
1704067200019900000,ADD,200,BUY,41980.50,11
1704067200020000000,ADD,201,BUY,41980.50,2
1704067200020100000,ADD,202,BUY,41981.00,19
1704067200020200000,ADD,203,BUY,41981.00,16
1704067200020300000,ADD,204,BUY,41981.50,2
1704067200020400000,ADD,205,BUY,41981.50,17
1704067200020500000,ADD,206,BUY,41981.50,3
1704067200020600000,ADD,207,BUY,41982.00,3
1704067200020700000,ADD,208,BUY,41982.00,20
1704067200020800000,ADD,209,BUY,41982.00,3
1704067200020900000,ADD,210,BUY,41982.50,13
1704067200021000000,ADD,211,BUY,41982.50,4
1704067200021100000,ADD,212,BUY,41982.50,19
1704067200021200000,ADD,213,BUY,41983.00,19
1704067200021300000,ADD,214,BUY,41983.00,20
1704067200021400000,ADD,215,BUY,41983.00,2
1704067200021500000,ADD,216,BUY,41983.50,14
1704067200021600000,ADD,217,BUY,41983.50,19
1704067200021700000,ADD,218,BUY,41984.00,9
1704067200021800000,ADD,219,BUY,41984.00,7
1704067200021900000,ADD,220,BUY,41984.00,11
1704067200022000000,ADD,221,BUY,41984.00,8
1704067200022100000,ADD,222,BUY,41984.50,13
1704067200022200000,ADD,223,BUY,41984.50,5
1704067200022300000,ADD,224,BUY,41984.50,10
1704067200022400000,ADD,225,BUY,41984.50,15
1704067200022500000,ADD,226,BUY,41985.00,3
1704067200022600000,ADD,227,BUY,41985.00,1
1704067200022700000,ADD,228,BUY,41985.00,15
1704067200022800000,ADD,229,BUY,41985.00,20
1704067200022900000,ADD,230,BUY,41985.50,3
1704067200023000000,ADD,231,BUY,41985.50,18
1704067200023100000,ADD,232,BUY,41986.00,17
1704067200023200000,ADD,233,BUY,41986.00,9
1704067200023300000,ADD,234,BUY,41986.00,5
1704067200023400000,ADD,235,BUY,41986.50,3
1704067200023500000,ADD,236,BUY,41986.50,8
1704067200023600000,ADD,237,BUY,41986.50,12
1704067200023700000,ADD,238,BUY,41986.50,10
1704067200023800000,ADD,239,BUY,41987.00,15
1704067200023900000,ADD,240,BUY,41987.00,18
1704067200024000000,ADD,241,BUY,41987.00,10
1704067200024100000,ADD,242,BUY,41987.50,18
1704067200024200000,ADD,243,BUY,41987.50,10
1704067200024300000,ADD,244,BUY,41988.00,5
1704067200024400000,ADD,245,BUY,41988.00,9
1704067200024500000,ADD,246,BUY,41988.50,4
1704067200024600000,ADD,247,BUY,41988.50,18
1704067200024700000,ADD,248,BUY,41989.00,9
1704067200024800000,ADD,249,BUY,41989.00,10
1704067200024900000,ADD,250,BUY,41989.00,20
1704067200025000000,ADD,251,BUY,41989.50,11
1704067200025100000,ADD,252,BUY,41989.50,7
1704067200025200000,ADD,253,BUY,41989.50,9
1704067200025300000,ADD,254,BUY,41990.00,9
1704067200025400000,ADD,255,BUY,41990.00,2
1704067200025500000,ADD,256,BUY,41990.00,3
1704067200025600000,ADD,257,BUY,41990.00,14
1704067200025700000,ADD,258,BUY,41990.00,9
1704067200025800000,ADD,259,BUY,41990.50,1
1704067200025900000,ADD,260,BUY,41990.50,11
1704067200026000000,ADD,261,BUY,41991.00,9
1704067200026100000,ADD,262,BUY,41991.00,6
1704067200026200000,ADD,263,BUY,41991.00,15
1704067200026300000,ADD,264,BUY,41991.50,18
1704067200026400000,ADD,265,BUY,41991.50,1
1704067200026500000,ADD,266,BUY,41991.50,4
1704067200026600000,ADD,267,BUY,41991.50,3
1704067200026700000,ADD,268,BUY,41991.50,5
1704067200026800000,ADD,269,BUY,41992.00,12
1704067200026900000,ADD,270,BUY,41992.00,19
1704067200027000000,ADD,271,BUY,41992.50,14
1704067200027100000,ADD,272,BUY,41992.50,5
1704067200027200000,ADD,273,BUY,41992.50,2
1704067200027300000,ADD,274,BUY,41993.00,12
1704067200027400000,ADD,275,BUY,41993.00,2
1704067200027500000,ADD,276,BUY,41993.00,12
1704067200027600000,ADD,277,BUY,41993.00,7
1704067200027700000,ADD,278,BUY,41993.50,4
1704067200027800000,ADD,279,BUY,41993.50,12
1704067200027900000,ADD,280,BUY,41993.50,18
1704067200028000000,ADD,281,BUY,41994.00,20
1704067200028100000,ADD,282,BUY,41994.00,5
1704067200028200000,ADD,283,BUY,41994.00,8
1704067200028300000,ADD,284,BUY,41994.00,6
1704067200028400000,ADD,285,BUY,41994.00,6
1704067200028500000,ADD,286,BUY,41994.50,1
1704067200028600000,ADD,287,BUY,41994.50,6
1704067200028700000,ADD,288,BUY,41994.50,11
1704067200028800000,ADD,289,BUY,41994.50,14
1704067200028900000,ADD,290,BUY,41994.50,8
1704067200029000000,ADD,291,BUY,41995.00,6
1704067200029100000,ADD,292,BUY,41995.00,4
1704067200029200000,ADD,293,BUY,41995.00,13
1704067200029300000,ADD,294,BUY,41995.00,2
1704067200029400000,ADD,295,BUY,41995.50,8
1704067200029500000,ADD,296,BUY,41995.50,7
1704067200029600000,ADD,297,BUY,41995.50,15
1704067200029700000,ADD,298,BUY,41995.50,12
1704067200029800000,ADD,299,BUY,41995.50,10
1704067200029900000,ADD,300,BUY,41996.00,8
1704067200030000000,ADD,301,BUY,41996.00,1
1704067200030100000,ADD,302,BUY,41996.00,7
1704067200030200000,ADD,303,BUY,41996.50,11
1704067200030300000,ADD,304,BUY,41996.50,9
1704067200030400000,ADD,305,BUY,41996.50,3
1704067200030500000,ADD,306,BUY,41996.50,9
1704067200030600000,ADD,307,BUY,41996.50,12
1704067200030700000,ADD,308,BUY,41997.00,18
1704067200030800000,ADD,309,BUY,41997.00,11
1704067200030900000,ADD,310,BUY,41997.00,1
1704067200031000000,ADD,311,BUY,41997.00,4
1704067200031100000,ADD,312,BUY,41997.00,9
1704067200031200000,ADD,313,BUY,41997.50,19
1704067200031300000,ADD,314,BUY,41997.50,9
1704067200031400000,ADD,315,BUY,41997.50,2
1704067200031500000,ADD,316,BUY,41998.00,20
1704067200031600000,ADD,317,BUY,41998.00,14
1704067200031700000,ADD,318,BUY,41998.50,11
1704067200031800000,ADD,319,BUY,41998.50,14
1704067200031900000,ADD,320,BUY,41998.50,20
1704067200032000000,ADD,321,BUY,41998.50,17
1704067200032100000,ADD,322,BUY,41999.00,13
1704067200032200000,ADD,323,BUY,41999.00,19
1704067200032300000,ADD,324,BUY,41999.50,9
1704067200032400000,ADD,325,BUY,41999.50,2
1704067200032500000,ADD,326,BUY,41999.50,14
1704067200032600000,ADD,327,BUY,42000.00,17
1704067200032700000,ADD,328,BUY,42000.00,18
1704067200032800000,ADD,329,SELL,42001.00,12
1704067200032900000,ADD,330,SELL,42001.00,14
1704067200033000000,ADD,331,SELL,42001.00,3
1704067200033100000,ADD,332,SELL,42001.50,20
1704067200033200000,ADD,333,SELL,42001.50,11
1704067200033300000,ADD,334,SELL,42001.50,4
1704067200033400000,ADD,335,SELL,42001.50,10
1704067200033500000,ADD,336,SELL,42002.00,14
1704067200033600000,ADD,337,SELL,42002.00,11
1704067200033700000,ADD,338,SELL,42002.00,13
1704067200033800000,ADD,339,SELL,42002.00,10
1704067200033900000,ADD,340,SELL,42002.50,7
1704067200034000000,ADD,341,SELL,42002.50,14
1704067200034100000,ADD,342,SELL,42002.50,13
1704067200034200000,ADD,343,SELL,42003.00,20
1704067200034300000,ADD,344,SELL,42003.00,19
1704067200034400000,ADD,345,SELL,42003.00,10
1704067200034500000,ADD,346,SELL,42003.50,18
1704067200034600000,ADD,347,SELL,42003.50,1
1704067200034700000,ADD,348,SELL,42003.50,10
1704067200034800000,ADD,349,SELL,42003.50,10
1704067200034900000,ADD,350,SELL,42003.50,7
1704067200035000000,ADD,351,SELL,42004.00,19
1704067200035100000,ADD,352,SELL,42004.00,20
1704067200035200000,ADD,353,SELL,42004.00,11
1704067200035300000,ADD,354,SELL,42004.00,15
1704067200035400000,ADD,355,SELL,42004.00,15
1704067200035500000,ADD,356,SELL,42004.50,7
1704067200035600000,ADD,357,SELL,42004.50,17
1704067200035700000,ADD,358,SELL,42004.50,16
1704067200035800000,ADD,359,SELL,42004.50,6
1704067200035900000,ADD,360,SELL,42004.50,3
1704067200036000000,ADD,361,SELL,42005.00,17
1704067200036100000,ADD,362,SELL,42005.00,20
1704067200036200000,ADD,363,SELL,42005.00,11
1704067200036300000,ADD,364,SELL,42005.00,3
1704067200036400000,ADD,365,SELL,42005.50,10
1704067200036500000,ADD,366,SELL,42005.50,8
1704067200036600000,ADD,367,SELL,42005.50,7
1704067200036700000,ADD,368,SELL,42006.00,1
1704067200036800000,ADD,369,SELL,42006.00,2
1704067200036900000,ADD,370,SELL,42006.00,8
1704067200037000000,ADD,371,SELL,42006.50,20
1704067200037100000,ADD,372,SELL,42006.50,3
1704067200037200000,ADD,373,SELL,42006.50,15
1704067200037300000,ADD,374,SELL,42006.50,14
1704067200037400000,ADD,375,SELL,42006.50,19
1704067200037500000,ADD,376,SELL,42007.00,13
1704067200037600000,ADD,377,SELL,42007.00,16
1704067200037700000,ADD,378,SELL,42007.00,13
1704067200037800000,ADD,379,SELL,42007.50,5
1704067200037900000,ADD,380,SELL,42007.50,1
1704067200038000000,ADD,381,SELL,42007.50,4
1704067200038100000,ADD,382,SELL,42008.00,8
1704067200038200000,ADD,383,SELL,42008.00,6
1704067200038300000,ADD,384,SELL,42008.00,17
1704067200038400000,ADD,385,SELL,42008.00,15
1704067200038500000,ADD,386,SELL,42008.00,2
1704067200038600000,ADD,387,SELL,42008.50,4
1704067200038700000,ADD,388,SELL,42008.50,15
1704067200038800000,ADD,389,SELL,42008.50,5
1704067200038900000,ADD,390,SELL,42009.00,17
1704067200039000000,ADD,391,SELL,42009.00,18
1704067200039100000,ADD,392,SELL,42009.00,20
1704067200039200000,ADD,393,SELL,42009.00,11
1704067200039300000,ADD,394,SELL,42009.00,15
1704067200039400000,ADD,395,SELL,42009.50,18
1704067200039500000,ADD,396,SELL,42009.50,15
1704067200039600000,ADD,397,SELL,42009.50,6
1704067200039700000,ADD,398,SELL,42009.50,16
1704067200039800000,ADD,399,SELL,42009.50,15
1704067200039900000,ADD,400,SELL,42010.00,8
1704067200040000000,ADD,401,SELL,42010.00,9
1704067200040100000,ADD,402,SELL,42010.00,17
1704067200040200000,ADD,403,SELL,42010.00,16
1704067200040300000,ADD,404,SELL,42010.50,9
1704067200040400000,ADD,405,SELL,42010.50,15
1704067200040500000,ADD,406,SELL,42010.50,3
1704067200040600000,ADD,407,SELL,42011.00,8
1704067200040700000,ADD,408,SELL,42011.00,9
1704067200040800000,ADD,409,SELL,42011.00,11
1704067200040900000,ADD,410,SELL,42011.00,11
1704067200041000000,ADD,411,SELL,42011.50,5
1704067200041100000,ADD,412,SELL,42011.50,5
1704067200041200000,ADD,413,SELL,42012.00,13
1704067200041300000,ADD,414,SELL,42012.00,5
1704067200041400000,ADD,415,SELL,42012.00,7
1704067200041500000,ADD,416,SELL,42012.50,14
1704067200041600000,ADD,417,SELL,42012.50,14
1704067200041700000,ADD,418,SELL,42013.00,18
1704067200041800000,ADD,419,SELL,42013.00,15
1704067200041900000,ADD,420,SELL,42013.00,14
1704067200042000000,ADD,421,SELL,42013.00,2
1704067200042100000,ADD,422,SELL,42013.50,14
1704067200042200000,ADD,423,SELL,42013.50,13
1704067200042300000,ADD,424,SELL,42013.50,19
1704067200042400000,ADD,425,SELL,42014.00,19
1704067200042500000,ADD,426,SELL,42014.00,13
1704067200042600000,ADD,427,SELL,42014.50,1
1704067200042700000,ADD,428,SELL,42014.50,12
1704067200042800000,ADD,429,SELL,42014.50,10
1704067200042900000,ADD,430,SELL,42014.50,13
1704067200043000000,ADD,431,SELL,42014.50,14
1704067200043100000,ADD,432,SELL,42015.00,16
1704067200043200000,ADD,433,SELL,42015.00,8
1704067200043300000,ADD,434,SELL,42015.00,9
1704067200043400000,ADD,435,SELL,42015.50,16
1704067200043500000,ADD,436,SELL,42015.50,1
1704067200043600000,ADD,437,SELL,42015.50,13
1704067200043700000,ADD,438,SELL,42015.50,11
1704067200043800000,ADD,439,SELL,42015.50,13
1704067200043900000,ADD,440,SELL,42016.00,15
1704067200044000000,ADD,441,SELL,42016.00,5
1704067200044100000,ADD,442,SELL,42016.00,20
1704067200044200000,ADD,443,SELL,42016.50,13
1704067200044300000,ADD,444,SELL,42016.50,19
1704067200044400000,ADD,445,SELL,42017.00,3
1704067200044500000,ADD,446,SELL,42017.00,14
1704067200044600000,ADD,447,SELL,42017.50,15
1704067200044700000,ADD,448,SELL,42017.50,6
1704067200044800000,ADD,449,SELL,42017.50,2
1704067200044900000,ADD,450,SELL,42018.00,13
1704067200045000000,ADD,451,SELL,42018.00,11
1704067200045100000,ADD,452,SELL,42018.00,7
1704067200045200000,ADD,453,SELL,42018.00,15
1704067200045300000,ADD,454,SELL,42018.50,11
1704067200045400000,ADD,455,SELL,42018.50,13
1704067200045500000,ADD,456,SELL,42018.50,9
1704067200045600000,ADD,457,SELL,42018.50,14
1704067200045700000,ADD,458,SELL,42019.00,3
1704067200045800000,ADD,459,SELL,42019.00,16
1704067200045900000,ADD,460,SELL,42019.00,1
1704067200046000000,ADD,461,SELL,42019.00,18
1704067200046100000,ADD,462,SELL,42019.50,12
1704067200046200000,ADD,463,SELL,42019.50,8
1704067200046300000,ADD,464,SELL,42020.00,2
1704067200046400000,ADD,465,SELL,42020.00,1
1704067200046500000,ADD,466,SELL,42020.50,7
1704067200046600000,ADD,467,SELL,42020.50,1
1704067200046700000,ADD,468,SELL,42020.50,20
1704067200046800000,ADD,469,SELL,42021.00,8
1704067200046900000,ADD,470,SELL,42021.00,5
1704067200047000000,ADD,471,SELL,42021.00,16
1704067200047100000,ADD,472,SELL,42021.50,19
1704067200047200000,ADD,473,SELL,42021.50,7
1704067200047300000,ADD,474,SELL,42022.00,9
1704067200047400000,ADD,475,SELL,42022.00,12
1704067200047500000,ADD,476,SELL,42022.00,6
1704067200047600000,ADD,477,SELL,42022.00,20
1704067200047700000,ADD,478,SELL,42022.00,20
1704067200047800000,ADD,479,SELL,42022.50,6
1704067200047900000,ADD,480,SELL,42022.50,10
1704067200048000000,ADD,481,SELL,42023.00,19
1704067200048100000,ADD,482,SELL,42023.00,1
1704067200048200000,ADD,483,SELL,42023.50,19
1704067200048300000,ADD,484,SELL,42023.50,13
1704067200048400000,ADD,485,SELL,42023.50,13
1704067200048500000,ADD,486,SELL,42023.50,7
1704067200048600000,ADD,487,SELL,42024.00,19
1704067200048700000,ADD,488,SELL,42024.00,8
1704067200048800000,ADD,489,SELL,42024.50,10
1704067200048900000,ADD,490,SELL,42024.50,20
1704067200049000000,ADD,491,SELL,42025.00,19
1704067200049100000,ADD,492,SELL,42025.00,2
1704067200049200000,ADD,493,SELL,42025.50,18
1704067200049300000,ADD,494,SELL,42025.50,14
1704067200049400000,ADD,495,SELL,42025.50,12
1704067200049500000,ADD,496,SELL,42025.50,3
1704067200049600000,ADD,497,SELL,42026.00,1
1704067200049700000,ADD,498,SELL,42026.00,14
1704067200049800000,ADD,499,SELL,42026.00,16
1704067200049900000,ADD,500,SELL,42026.00,4
1704067200050000000,TRADE,,SELL,42001.00,3
1704067200050100000,ADD,501,SELL,42014.00,18
1704067200050200000,CANCEL,239,,41987.00,15
1704067200050300000,ADD,502,SELL,42042.50,3
1704067200050400000,ADD,503,BUY,41978.50,13
1704067200050500000,ADD,504,BUY,41974.50,12
1704067200050600000,CANCEL,175,,41976.50,15
1704067200050700000,ADD,505,SELL,42028.00,17
1704067200050800000,TRADE,,BUY,42000.50,8
1704067200050900000,ADD,506,BUY,41985.50,15
1704067200051000000,CANCEL,48,,41957.50,12
1704067200051100000,ADD,507,BUY,41983.00,12
1704067200051200000,ADD,508,SELL,42037.50,11
1704067200051300000,ADD,509,BUY,41961.50,7
1704067200051400000,ADD,510,SELL,42035.00,7
1704067200051500000,ADD,511,BUY,41999.00,17
1704067200051600000,ADD,512,SELL,42015.50,12
1704067200051700000,ADD,513,BUY,41963.50,2
1704067200051800000,ADD,514,SELL,41998.50,16
1704067200051900000,ADD,515,BUY,41974.00,11
1704067200052000000,ADD,516,BUY,41974.00,3
1704067200052100000,ADD,517,BUY,41952.50,5
1704067200052200000,CANCEL,315,,41997.50,2
1704067200052300000,ADD,518,BUY,41971.00,20
1704067200052400000,CANCEL,234,,41986.00,5
1704067200052500000,CANCEL,395,,42009.50,18
1704067200052600000,ADD,519,BUY,41999.50,10
1704067200052700000,ADD,520,BUY,41955.00,7
1704067200052800000,CANCEL,275,,41993.00,2
1704067200052900000,CANCEL,162,,41975.00,4
1704067200053000000,ADD,521,SELL,42021.00,20
1704067200053100000,ADD,522,BUY,41964.00,15
1704067200053200000,ADD,523,BUY,41989.50,19
1704067200053300000,CANCEL,206,,41981.50,3
1704067200053400000,ADD,524,SELL,42045.50,5
1704067200053500000,ADD,525,BUY,41987.50,19
1704067200053600000,TRADE,,BUY,42000.50,5
1704067200053700000,CANCEL,286,,41994.50,1
1704067200053800000,ADD,526,BUY,42001.50,14
1704067200053900000,CANCEL,263,,41991.00,15
1704067200054000000,ADD,527,BUY,41993.00,19
1704067200054100000,TRADE,,SELL,42000.50,5
1704067200054200000,ADD,528,SELL,42026.50,15
1704067200054300000,TRADE,,BUY,42000.50,8
1704067200054400000,TRADE,,BUY,42000.50,6
1704067200054500000,CANCEL,167,,41975.50,7
1704067200054600000,ADD,529,SELL,42047.50,18
1704067200054700000,ADD,530,BUY,41956.00,13
1704067200054800000,CANCEL,2,,41950.00,9
1704067200054900000,CANCEL,487,,42024.00,19
1704067200055000000,ADD,531,BUY,41988.00,15
1704067200055100000,CANCEL,215,,41983.00,2
1704067200055200000,ADD,532,BUY,41994.00,16
1704067200055300000,ADD,533,SELL,42012.50,6
1704067200055400000,ADD,534,BUY,41961.00,4
1704067200055500000,ADD,535,BUY,41975.00,10
1704067200055600000,ADD,536,BUY,41999.00,8
1704067200055700000,ADD,537,BUY,41980.00,5
1704067200055800000,CANCEL,295,,41995.50,8
1704067200055900000,CANCEL,440,,42016.00,15
1704067200056000000,ADD,538,SELL,42001.00,10
1704067200056100000,CANCEL,519,,41999.50,10
1704067200056200000,CANCEL,474,,42022.00,9
1704067200056300000,ADD,539,BUY,41977.00,15
1704067200056400000,TRADE,,SELL,42001.00,4
1704067200056500000,ADD,540,BUY,41952.00,16
1704067200056600000,CANCEL,406,,42010.50,3
1704067200056700000,ADD,541,SELL,42049.00,16
1704067200056800000,TRADE,,BUY,42001.00,6
1704067200056900000,CANCEL,468,,42020.50,20
1704067200057000000,ADD,542,SELL,41991.50,5
1704067200057100000,ADD,543,SELL,42031.50,13
1704067200057200000,CANCEL,351,,42004.00,19
1704067200057300000,CANCEL,407,,42011.00,8
1704067200057400000,TRADE,,SELL,42001.00,8
1704067200057500000,CANCEL,38,,41956.00,12
1704067200057600000,CANCEL,251,,41989.50,11
1704067200057700000,CANCEL,310,,41997.00,1
1704067200057800000,TRADE,,SELL,42000.50,2
1704067200057900000,CANCEL,106,,41966.00,5
1704067200058000000,ADD,544,SELL,42003.50,2
1704067200058100000,ADD,545,BUY,42006.00,19
1704067200058200000,CANCEL,192,,41979.50,18
1704067200058300000,ADD,546,BUY,41981.00,8
1704067200058400000,ADD,547,SELL,42032.50,15
1704067200058500000,ADD,548,BUY,41995.00,18
1704067200058600000,ADD,549,BUY,41979.50,14
1704067200058700000,CANCEL,495,,42025.50,12
1704067200058800000,CANCEL,213,,41983.00,19
1704067200058900000,TRADE,,SELL,42000.00,7
1704067200059000000,ADD,550,SELL,42015.50,13
1704067200059100000,ADD,551,SELL,42037.50,2
1704067200059200000,TRADE,,SELL,42001.00,5
1704067200059300000,CANCEL,249,,41989.00,10
1704067200059400000,CANCEL,383,,42008.00,6
1704067200059500000,ADD,552,BUY,41988.00,5
1704067200059600000,CANCEL,43,,41957.00,3
1704067200059700000,ADD,553,BUY,41986.50,3
1704067200059800000,TRADE,,BUY,42000.50,4
1704067200059900000,ADD,554,SELL,42027.00,9
1704067200060000000,CANCEL,282,,41994.00,5
1704067200060100000,TRADE,,SELL,42001.00,5
1704067200060200000,CANCEL,371,,42006.50,20
1704067200060300000,CANCEL,514,,41998.50,16
1704067200060400000,TRADE,,BUY,42001.00,7
1704067200060500000,TRADE,,SELL,42000.50,7
1704067200060600000,ADD,555,SELL,42034.00,9
1704067200060700000,ADD,556,SELL,42006.50,8
1704067200060800000,ADD,557,SELL,42017.00,20
1704067200060900000,ADD,558,BUY,41995.50,10
1704067200061000000,CANCEL,125,,41969.50,17
1704067200061100000,ADD,559,SELL,42025.00,4
1704067200061200000,ADD,560,SELL,42019.00,18
1704067200061300000,ADD,561,SELL,42021.50,4
1704067200061400000,CANCEL,449,,42017.50,2
1704067200061500000,TRADE,,BUY,42000.50,4
1704067200061600000,ADD,562,SELL,42006.00,12
1704067200061700000,ADD,563,SELL,42020.50,7
1704067200061800000,TRADE,,SELL,42001.00,2
1704067200061900000,CANCEL,23,,41954.00,7
1704067200062000000,ADD,564,BUY,41989.50,7
1704067200062100000,ADD,565,SELL,42011.50,8
1704067200062200000,ADD,566,BUY,41950.00,5
1704067200062300000,TRADE,,SELL,42001.00,2
1704067200062400000,CANCEL,29,,41955.00,20
1704067200062500000,ADD,567,BUY,41979.50,1
1704067200062600000,ADD,568,BUY,41976.50,3
1704067200062700000,ADD,569,SELL,42006.50,17
1704067200062800000,ADD,570,SELL,42045.50,17
1704067200062900000,ADD,571,SELL,42000.00,13
1704067200063000000,ADD,572,BUY,41972.00,3
1704067200063100000,ADD,573,BUY,42006.50,19
1704067200063200000,ADD,574,BUY,41976.50,15
1704067200063300000,ADD,575,BUY,41955.50,18
1704067200063400000,CANCEL,237,,41986.50,12
1704067200063500000,ADD,576,SELL,42041.50,13
1704067200063600000,ADD,577,BUY,41983.50,12
1704067200063700000,TRADE,,SELL,42000.50,2
1704067200063800000,CANCEL,102,,41965.00,9
1704067200063900000,ADD,578,SELL,42007.50,2
1704067200064000000,ADD,579,SELL,42007.00,12
1704067200064100000,CANCEL,471,,42021.00,16
1704067200064200000,CANCEL,59,,41959.00,9
1704067200064300000,TRADE,,SELL,42000.50,10
1704067200064400000,ADD,580,BUY,41992.50,12
1704067200064500000,CANCEL,412,,42011.50,5
1704067200064600000,ADD,581,BUY,41971.50,18
1704067200064700000,TRADE,,SELL,42000.50,9
1704067200064800000,ADD,582,SELL,42014.00,6
1704067200064900000,ADD,583,SELL,42018.00,6
1704067200065000000,CANCEL,448,,42017.50,6
1704067200065100000,ADD,584,SELL,42005.50,17
1704067200065200000,ADD,585,BUY,41968.50,11
1704067200065300000,CANCEL,94,,41964.00,1
1704067200065400000,CANCEL,173,,41976.00,15
1704067200065500000,ADD,586,SELL,42014.50,14
1704067200065600000,ADD,587,BUY,41987.50,4
1704067200065700000,ADD,588,BUY,41979.50,17
1704067200065800000,CANCEL,53,,41958.00,3
1704067200065900000,ADD,589,SELL,41992.00,7
1704067200066000000,CANCEL,291,,41995.00,6
1704067200066100000,ADD,590,BUY,41971.50,5
1704067200066200000,ADD,591,SELL,42042.00,12
1704067200066300000,ADD,592,SELL,41990.00,3
1704067200066400000,CANCEL,486,,42023.50,7
1704067200066500000,ADD,593,SELL,42006.50,1
1704067200066600000,TRADE,,BUY,42001.00,8
1704067200066700000,CANCEL,410,,42011.00,11
1704067200066800000,ADD,594,SELL,42030.00,17
1704067200066900000,ADD,595,SELL,42012.00,6
1704067200067000000,ADD,596,SELL,42010.50,12
1704067200067100000,ADD,597,SELL,42008.00,4
1704067200067200000,ADD,598,BUY,41988.00,3
1704067200067300000,ADD,599,SELL,42038.00,19
1704067200067400000,ADD,600,SELL,42032.00,20
1704067200067500000,ADD,601,SELL,42022.50,16
1704067200067600000,ADD,602,BUY,41953.00,17
1704067200067700000,ADD,603,BUY,42004.50,10
1704067200067800000,ADD,604,SELL,42031.00,17
1704067200067900000,ADD,605,SELL,42037.00,2
1704067200068000000,ADD,606,SELL,42017.00,16
1704067200068100000,ADD,607,SELL,42040.50,11
1704067200068200000,TRADE,,BUY,42000.50,1
1704067200068300000,ADD,608,BUY,41976.00,6
1704067200068400000,ADD,609,SELL,42039.00,20
1704067200068500000,ADD,610,SELL,42017.00,18
1704067200068600000,CANCEL,324,,41999.50,9
1704067200068700000,ADD,611,SELL,42030.50,5
1704067200068800000,ADD,612,SELL,41993.50,13
1704067200068900000,ADD,613,SELL,41995.50,11
1704067200069000000,CANCEL,593,,42006.50,1
1704067200069100000,ADD,614,SELL,42002.00,10
1704067200069200000,ADD,615,BUY,41974.50,8
1704067200069300000,TRADE,,BUY,42000.50,2
1704067200069400000,ADD,616,SELL,42027.00,11
1704067200069500000,CANCEL,147,,41973.00,8
1704067200069600000,ADD,617,BUY,41984.50,20
1704067200069700000,CANCEL,187,,41979.00,1
1704067200069800000,CANCEL,51,,41958.00,7
1704067200069900000,ADD,618,SELL,42023.00,10
1704067200070000000,CANCEL,515,,41974.00,11
1704067200070100000,ADD,619,BUY,41989.00,7
1704067200070200000,ADD,620,SELL,42023.50,10
1704067200070300000,CANCEL,572,,41972.00,3
1704067200070400000,ADD,621,SELL,42040.50,5
1704067200070500000,CANCEL,63,,41959.50,8
1704067200070600000,CANCEL,427,,42014.50,1
1704067200070700000,ADD,622,BUY,41992.50,10
1704067200070800000,ADD,623,BUY,41975.50,14
1704067200070900000,ADD,624,SELL,42044.50,1
1704067200071000000,ADD,625,BUY,41969.50,3
1704067200071100000,ADD,626,BUY,41992.00,11
1704067200071200000,CANCEL,156,,41974.00,4
1704067200071300000,ADD,627,SELL,42041.50,16
1704067200071400000,ADD,628,BUY,42003.50,5
1704067200071500000,ADD,629,SELL,42006.50,10
1704067200071600000,ADD,630,BUY,41982.00,20
1704067200071700000,ADD,631,BUY,41980.00,1
1704067200071800000,CANCEL,280,,41993.50,18
1704067200071900000,CANCEL,339,,42002.00,10
1704067200072000000,ADD,632,SELL,42021.50,3
1704067200072100000,ADD,633,BUY,41977.00,17
1704067200072200000,ADD,634,BUY,41982.00,12
1704067200072300000,ADD,635,BUY,41967.00,4
1704067200072400000,CANCEL,385,,42008.00,15
1704067200072500000,ADD,636,BUY,41982.00,15
1704067200072600000,TRADE,,BUY,42000.00,3
1704067200072700000,ADD,637,SELL,42015.50,2
1704067200072800000,CANCEL,49,,41957.50,6
1704067200072900000,ADD,638,BUY,41991.00,16
1704067200073000000,ADD,639,SELL,42018.50,2
1704067200073100000,CANCEL,386,,42008.00,2
1704067200073200000,ADD,640,SELL,42020.50,15
1704067200073300000,CANCEL,452,,42018.00,7
1704067200073400000,ADD,641,BUY,41968.50,17
1704067200073500000,ADD,642,BUY,41971.50,6
1704067200073600000,ADD,643,BUY,42007.00,10
1704067200073700000,ADD,644,SELL,42023.00,15
1704067200073800000,ADD,645,SELL,42050.00,9
1704067200073900000,CANCEL,70,,41960.50,16
1704067200074000000,ADD,646,SELL,42040.50,6
1704067200074100000,TRADE,,BUY,42000.50,8
1704067200074200000,ADD,647,BUY,41968.50,13
1704067200074300000,TRADE,,BUY,42000.00,8
1704067200074400000,TRADE,,BUY,42001.00,10
1704067200074500000,ADD,648,BUY,41964.00,4
1704067200074600000,ADD,649,BUY,41995.50,4
1704067200074700000,ADD,650,BUY,42000.00,10
1704067200074800000,CANCEL,570,,42045.50,17
1704067200074900000,ADD,651,BUY,42002.50,15
1704067200075000000,TRADE,,SELL,42001.00,6
1704067200075100000,CANCEL,79,,41961.50,13
1704067200075200000,ADD,652,BUY,41958.00,6
1704067200075300000,CANCEL,591,,42042.00,12
1704067200075400000,ADD,653,SELL,42012.50,16
1704067200075500000,ADD,654,SELL,42040.50,18
1704067200075600000,ADD,655,SELL,41994.00,16
1704067200075700000,ADD,656,SELL,42004.50,11
1704067200075800000,CANCEL,529,,42047.50,18
1704067200075900000,ADD,657,SELL,41998.50,18
1704067200076000000,CANCEL,214,,41983.00,20
1704067200076100000,CANCEL,151,,41973.50,5
1704067200076200000,ADD,658,SELL,41991.00,5
1704067200076300000,ADD,659,BUY,41961.50,17
1704067200076400000,CANCEL,95,,41964.00,4
1704067200076500000,ADD,660,SELL,42007.00,10
1704067200076600000,CANCEL,113,,41967.00,12
1704067200076700000,ADD,661,BUY,41957.50,20
1704067200076800000,CANCEL,400,,42010.00,8
1704067200076900000,CANCEL,656,,42004.50,11
1704067200077000000,ADD,662,SELL,41999.50,19
1704067200077100000,ADD,663,BUY,41981.00,1
1704067200077200000,ADD,664,SELL,42048.00,16
1704067200077300000,ADD,665,SELL,42023.00,2
1704067200077400000,ADD,666,BUY,41967.00,5
1704067200077500000,ADD,667,SELL,42043.00,13
1704067200077600000,ADD,668,BUY,41966.00,15
1704067200077700000,ADD,669,BUY,42001.50,13
1704067200077800000,CANCEL,499,,42026.00,16
1704067200077900000,ADD,670,SELL,42017.00,19
1704067200078000000,CANCEL,227,,41985.00,1
1704067200078100000,CANCEL,589,,41992.00,7
1704067200078200000,TRADE,,BUY,42001.00,8
1704067200078300000,ADD,671,SELL,42048.50,7
1704067200078400000,ADD,672,BUY,41980.00,16
1704067200078500000,ADD,673,BUY,42002.00,9
1704067200078600000,CANCEL,481,,42023.00,19
1704067200078700000,ADD,674,BUY,41959.50,18
1704067200078800000,ADD,675,BUY,41977.50,20
1704067200078900000,CANCEL,141,,41971.50,1
1704067200079000000,ADD,676,BUY,41999.50,18
1704067200079100000,TRADE,,SELL,42000.00,9
1704067200079200000,ADD,677,BUY,42007.50,16
1704067200079300000,ADD,678,BUY,41957.00,20
1704067200079400000,ADD,679,BUY,41992.00,19
1704067200079500000,ADD,680,SELL,42035.50,10
1704067200079600000,ADD,681,BUY,41955.50,14
1704067200079700000,ADD,682,SELL,42034.50,1
1704067200079800000,ADD,683,BUY,41998.50,19
1704067200079900000,ADD,684,SELL,42009.50,20
1704067200080000000,CANCEL,456,,42018.50,9
1704067200080100000,ADD,685,SELL,41999.50,4
1704067200080200000,ADD,686,BUY,41970.50,7
1704067200080300000,ADD,687,SELL,42044.00,2
1704067200080400000,CANCEL,616,,42027.00,11
1704067200080500000,ADD,688,BUY,41976.50,11
1704067200080600000,TRADE,,BUY,42000.50,9
1704067200080700000,ADD,689,SELL,42032.50,9
1704067200080800000,CANCEL,231,,41985.50,18
1704067200080900000,TRADE,,BUY,42000.50,5
1704067200081000000,CANCEL,253,,41989.50,9
1704067200081100000,CANCEL,584,,42005.50,17
1704067200081200000,ADD,690,BUY,41990.00,9
1704067200081300000,ADD,691,SELL,42045.00,13
1704067200081400000,CANCEL,177,,41977.00,2
1704067200081500000,ADD,692,BUY,41967.50,15
1704067200081600000,CANCEL,575,,41955.50,18
1704067200081700000,ADD,693,SELL,42028.50,9
1704067200081800000,ADD,694,SELL,42013.00,17
1704067200081900000,ADD,695,BUY,42004.00,16
1704067200082000000,ADD,696,SELL,41995.50,6
1704067200082100000,ADD,697,SELL,42024.50,7
1704067200082200000,CANCEL,348,,42003.50,10
1704067200082300000,ADD,698,SELL,42005.50,19
1704067200082400000,ADD,699,SELL,42003.00,6
1704067200082500000,ADD,700,SELL,42003.00,13
1704067200082600000,CANCEL,225,,41984.50,15
1704067200082700000,TRADE,,SELL,42001.00,1
1704067200082800000,ADD,701,SELL,42000.00,10
1704067200082900000,ADD,702,SELL,42044.50,5
1704067200083000000,CANCEL,564,,41989.50,7
1704067200083100000,ADD,703,SELL,42037.00,9
1704067200083200000,CANCEL,16,,41953.00,15
1704067200083300000,CANCEL,360,,42004.50,3
1704067200083400000,ADD,704,SELL,42043.00,13
1704067200083500000,CANCEL,623,,41975.50,14
1704067200083600000,ADD,705,BUY,42010.00,16
1704067200083700000,ADD,706,BUY,41962.00,9
1704067200083800000,TRADE,,BUY,42000.50,1
1704067200083900000,ADD,707,BUY,41983.50,15
1704067200084000000,ADD,708,BUY,41995.00,10
1704067200084100000,CANCEL,361,,42005.00,17
1704067200084200000,ADD,709,BUY,41974.00,15
1704067200084300000,CANCEL,458,,42019.00,3
1704067200084400000,ADD,710,SELL,42027.50,7
1704067200084500000,CANCEL,710,,42027.50,7
1704067200084600000,CANCEL,100,,41965.00,15
1704067200084700000,ADD,711,SELL,42046.00,4
1704067200084800000,ADD,712,SELL,42029.00,5
1704067200084900000,ADD,713,SELL,42034.50,19
1704067200085000000,ADD,714,SELL,42003.50,5
1704067200085100000,ADD,715,BUY,42005.00,10
1704067200085200000,CANCEL,489,,42024.50,10
1704067200085300000,ADD,716,BUY,41953.50,14
1704067200085400000,ADD,717,BUY,41996.50,3
1704067200085500000,TRADE,,BUY,42000.50,3
1704067200085600000,CANCEL,520,,41955.00,7
1704067200085700000,ADD,718,SELL,42046.00,13
1704067200085800000,ADD,719,SELL,42027.50,12
1704067200085900000,ADD,720,SELL,42007.00,8
1704067200086000000,CANCEL,27,,41954.50,4
1704067200086100000,TRADE,,BUY,42000.50,7
1704067200086200000,ADD,721,SELL,42018.00,9
1704067200086300000,ADD,722,SELL,42002.50,14
1704067200086400000,CANCEL,19,,41953.00,1
1704067200086500000,ADD,723,BUY,41972.50,2
1704067200086600000,ADD,724,BUY,41977.00,2
1704067200086700000,ADD,725,SELL,42046.00,19
1704067200086800000,ADD,726,SELL,42016.50,10
1704067200086900000,CANCEL,637,,42015.50,2
1704067200087000000,ADD,727,BUY,42009.50,6
1704067200087100000,CANCEL,531,,41988.00,15
1704067200087200000,ADD,728,BUY,41982.00,13
1704067200087300000,CANCEL,393,,42009.00,11
1704067200087400000,CANCEL,508,,42037.50,11
1704067200087500000,ADD,729,BUY,41973.50,8
1704067200087600000,ADD,730,SELL,42046.00,18
1704067200087700000,ADD,731,BUY,41969.50,9
1704067200087800000,ADD,732,SELL,42042.50,3
1704067200087900000,ADD,733,SELL,41994.00,20
1704067200088000000,CANCEL,91,,41964.00,17
1704067200088100000,ADD,734,SELL,42028.50,16
1704067200088200000,ADD,735,SELL,42045.50,7
1704067200088300000,TRADE,,SELL,42000.00,8
1704067200088400000,TRADE,,SELL,42000.50,7
1704067200088500000,TRADE,,SELL,42001.00,7
1704067200088600000,ADD,736,SELL,42018.50,16
1704067200088700000,ADD,737,SELL,42038.50,11
1704067200088800000,TRADE,,BUY,42000.50,10
1704067200088900000,CANCEL,183,,41978.00,16
1704067200089000000,ADD,738,SELL,42036.50,10
1704067200089100000,ADD,739,BUY,41991.50,16
1704067200089200000,ADD,740,SELL,42038.50,16
1704067200089300000,TRADE,,SELL,42000.50,3
1704067200089400000,CANCEL,437,,42015.50,13
1704067200089500000,ADD,741,SELL,42046.00,18
1704067200089600000,TRADE,,SELL,42000.50,2
1704067200089700000,TRADE,,SELL,42001.00,7
1704067200089800000,ADD,742,SELL,41991.50,7
1704067200089900000,ADD,743,BUY,41983.50,20
1704067200090000000,TRADE,,SELL,42000.00,9
1704067200090100000,ADD,744,BUY,41963.50,10
1704067200090200000,ADD,745,SELL,42040.50,6
1704067200090300000,ADD,746,BUY,42002.50,17
1704067200090400000,ADD,747,BUY,41954.00,13
1704067200090500000,ADD,748,BUY,41965.00,3
1704067200090600000,CANCEL,40,,41956.00,7
1704067200090700000,ADD,749,BUY,41953.00,1
1704067200090800000,CANCEL,108,,41966.00,6
1704067200090900000,ADD,750,BUY,41978.50,4
1704067200091000000,CANCEL,57,,41958.50,6
1704067200091100000,ADD,751,SELL,42029.00,9
1704067200091200000,ADD,752,BUY,41995.00,19
1704067200091300000,CANCEL,229,,41985.00,20
1704067200091400000,TRADE,,BUY,42001.00,10
1704067200091500000,ADD,753,SELL,42046.50,10
1704067200091600000,ADD,754,BUY,41969.50,18
1704067200091700000,ADD,755,SELL,42000.00,3
1704067200091800000,ADD,756,SELL,41994.50,3
1704067200091900000,ADD,757,SELL,42020.50,11
1704067200092000000,ADD,758,BUY,41974.50,12
1704067200092100000,ADD,759,BUY,41979.50,13
1704067200092200000,ADD,760,SELL,42036.00,3
1704067200092300000,ADD,761,BUY,41957.50,13
1704067200092400000,ADD,762,BUY,42004.00,12
1704067200092500000,CANCEL,132,,41970.50,17
1704067200092600000,ADD,763,BUY,41977.50,14
1704067200092700000,ADD,764,BUY,41980.00,11
1704067200092800000,CANCEL,14,,41952.50,7
1704067200092900000,ADD,765,BUY,42009.00,8
1704067200093000000,ADD,766,BUY,41957.00,10
1704067200093100000,ADD,767,BUY,41964.00,10
1704067200093200000,ADD,768,BUY,41962.50,16
1704067200093300000,ADD,769,BUY,42003.50,13
1704067200093400000,ADD,770,SELL,42017.00,11
1704067200093500000,ADD,771,SELL,42030.00,10
1704067200093600000,ADD,772,SELL,42016.50,13
1704067200093700000,TRADE,,BUY,42000.50,8
1704067200093800000,TRADE,,SELL,42000.50,5
1704067200093900000,CANCEL,501,,42014.00,18
1704067200094000000,ADD,773,SELL,42050.00,6
1704067200094100000,CANCEL,682,,42034.50,1
1704067200094200000,ADD,774,SELL,42011.50,10
1704067200094300000,CANCEL,90,,41963.50,13
1704067200094400000,CANCEL,524,,42045.50,5
1704067200094500000,CANCEL,182,,41978.00,16
1704067200094600000,CANCEL,313,,41997.50,19
1704067200094700000,ADD,775,BUY,41969.00,15
1704067200094800000,TRADE,,BUY,42000.50,9
1704067200094900000,TRADE,,SELL,42000.50,1
1704067200095000000,CANCEL,461,,42019.00,18
1704067200095100000,CANCEL,673,,42002.00,9
1704067200095200000,ADD,776,SELL,41992.50,12
1704067200095300000,ADD,777,SELL,42032.50,13
1704067200095400000,TRADE,,BUY,42001.00,2
1704067200095500000,ADD,778,BUY,41976.00,19
1704067200095600000,CANCEL,289,,41994.50,14
1704067200095700000,ADD,779,BUY,41979.50,17
1704067200095800000,ADD,780,SELL,42015.50,3
1704067200095900000,ADD,781,SELL,41993.00,15
1704067200096000000,CANCEL,658,,41991.00,5
1704067200096100000,ADD,782,BUY,41985.00,11
1704067200096200000,ADD,783,BUY,41951.00,11
1704067200096300000,CANCEL,216,,41983.50,14
1704067200096400000,TRADE,,SELL,42000.50,9
1704067200096500000,ADD,784,SELL,42012.50,13
1704067200096600000,CANCEL,246,,41988.50,4
1704067200096700000,CANCEL,557,,42017.00,20
1704067200096800000,ADD,785,SELL,42023.00,14
1704067200096900000,ADD,786,SELL,42038.00,3
1704067200097000000,ADD,787,SELL,42019.00,7
1704067200097100000,ADD,788,BUY,41976.50,11
1704067200097200000,ADD,789,SELL,42018.00,15
1704067200097300000,CANCEL,382,,42008.00,8
1704067200097400000,TRADE,,SELL,42000.50,6
1704067200097500000,ADD,790,BUY,41984.50,17
1704067200097600000,ADD,791,SELL,42021.50,16
1704067200097700000,CANCEL,228,,41985.00,15
1704067200097800000,ADD,792,BUY,42004.00,15
1704067200097900000,CANCEL,466,,42020.50,7
1704067200098000000,TRADE,,BUY,42000.00,7
1704067200098100000,TRADE,,SELL,42000.50,8
1704067200098200000,ADD,793,SELL,42005.00,1
1704067200098300000,CANCEL,293,,41995.00,13
1704067200098400000,ADD,794,BUY,41958.50,15
1704067200098500000,ADD,795,SELL,42026.00,19
1704067200098600000,ADD,796,SELL,42019.00,2
1704067200098700000,CANCEL,574,,41976.50,15
1704067200098800000,ADD,797,SELL,41998.50,8
1704067200098900000,ADD,798,SELL,42018.00,3
1704067200099000000,ADD,799,SELL,42012.50,19
1704067200099100000,CANCEL,761,,41957.50,13
1704067200099200000,CANCEL,218,,41984.00,9
1704067200099300000,CANCEL,274,,41993.00,12
1704067200099400000,CANCEL,80,,41962.00,8
1704067200099500000,ADD,800,SELL,42009.50,10
1704067200099600000,ADD,801,BUY,41999.50,4
1704067200099700000,ADD,802,SELL,42004.00,9
1704067200099800000,CANCEL,166,,41975.50,8
1704067200099900000,CANCEL,176,,41976.50,18
1704067200100000000,ADD,803,SELL,42038.50,13
1704067200100100000,ADD,804,SELL,42021.50,15
1704067200100200000,ADD,805,SELL,42020.50,9
1704067200100300000,CANCEL,490,,42024.50,20
1704067200100400000,ADD,806,BUY,41993.50,3
1704067200100500000,CANCEL,604,,42031.00,17
1704067200100600000,CANCEL,475,,42022.00,12
1704067200100700000,CANCEL,691,,42045.00,13
1704067200100800000,ADD,807,SELL,42025.00,11
1704067200100900000,CANCEL,444,,42016.50,19
1704067200101000000,ADD,808,BUY,41989.50,2
1704067200101100000,ADD,809,SELL,42002.00,6
1704067200101200000,ADD,810,BUY,41960.00,5
1704067200101300000,CANCEL,401,,42010.00,9
1704067200101400000,ADD,811,SELL,42033.00,9
1704067200101500000,ADD,812,SELL,42003.50,10
1704067200101600000,CANCEL,317,,41998.00,14
1704067200101700000,ADD,813,BUY,42003.00,3
1704067200101800000,ADD,814,BUY,41950.50,11
1704067200101900000,CANCEL,562,,42006.00,12
1704067200102000000,CANCEL,632,,42021.50,3
1704067200102100000,ADD,815,BUY,41955.00,11
1704067200102200000,ADD,816,BUY,41990.50,5
1704067200102300000,CANCEL,193,,41979.50,16
1704067200102400000,ADD,817,SELL,42009.00,12
1704067200102500000,CANCEL,796,,42019.00,2
1704067200102600000,CANCEL,551,,42037.50,2
1704067200102700000,CANCEL,595,,42012.00,6
1704067200102800000,CANCEL,118,,41968.00,3
1704067200102900000,CANCEL,190,,41979.00,15
1704067200103000000,CANCEL,759,,41979.50,13
1704067200103100000,CANCEL,473,,42021.50,7
1704067200103200000,TRADE,,BUY,42000.00,5
1704067200103300000,CANCEL,337,,42002.00,11
1704067200103400000,ADD,818,SELL,42039.00,1
1704067200103500000,CANCEL,408,,42011.00,9
1704067200103600000,ADD,819,SELL,42020.00,2
1704067200103700000,CANCEL,328,,42000.00,18
1704067200103800000,ADD,820,BUY,41979.50,17
1704067200103900000,CANCEL,15,,41953.00,8
1704067200104000000,TRADE,,SELL,42000.00,10
1704067200104100000,ADD,821,SELL,42024.00,3
1704067200104200000,ADD,822,BUY,41952.00,2
1704067200104300000,TRADE,,BUY,42000.50,9
1704067200104400000,CANCEL,578,,42007.50,2
1704067200104500000,CANCEL,115,,41967.00,8
1704067200104600000,CANCEL,713,,42034.50,19
1704067200104700000,CANCEL,377,,42007.00,16
1704067200104800000,ADD,823,BUY,41998.50,5
1704067200104900000,ADD,824,BUY,41991.50,3
1704067200105000000,ADD,825,BUY,41962.00,8
1704067200105100000,ADD,826,BUY,41980.50,10
1704067200105200000,CANCEL,245,,41988.00,9
1704067200105300000,ADD,827,SELL,42009.00,12
1704067200105400000,ADD,828,SELL,42009.00,5
1704067200105500000,CANCEL,368,,42006.00,1
1704067200105600000,CANCEL,159,,41975.00,14
1704067200105700000,CANCEL,41,,41956.50,2
1704067200105800000,ADD,829,BUY,41963.00,19
1704067200105900000,CANCEL,672,,41980.00,16
1704067200106000000,ADD,830,BUY,41978.50,12
1704067200106100000,ADD,831,SELL,42034.00,4
1704067200106200000,ADD,832,SELL,41998.50,8
1704067200106300000,ADD,833,BUY,41959.00,2
1704067200106400000,ADD,834,SELL,42021.50,11
1704067200106500000,ADD,835,SELL,42041.50,19
1704067200106600000,ADD,836,SELL,42010.00,17
1704067200106700000,TRADE,,SELL,42000.00,8
1704067200106800000,CANCEL,430,,42014.50,13
1704067200106900000,ADD,837,SELL,41992.00,19
1704067200107000000,CANCEL,811,,42033.00,9
1704067200107100000,ADD,838,BUY,42000.00,7
1704067200107200000,CANCEL,730,,42046.00,18
1704067200107300000,CANCEL,342,,42002.50,13
1704067200107400000,ADD,839,SELL,41995.50,1
1704067200107500000,TRADE,,BUY,42000.50,5
1704067200107600000,ADD,840,SELL,42025.00,2
1704067200107700000,TRADE,,BUY,42000.50,1
1704067200107800000,TRADE,,SELL,42000.50,6
1704067200107900000,ADD,841,SELL,42026.00,13
1704067200108000000,ADD,842,SELL,42048.00,8
1704067200108100000,ADD,843,SELL,42020.50,11
1704067200108200000,ADD,844,BUY,42003.00,19
1704067200108300000,ADD,845,BUY,41965.50,4
1704067200108400000,ADD,846,SELL,42016.00,9
1704067200108500000,CANCEL,127,,41969.50,14
1704067200108600000,ADD,847,SELL,42035.00,2
1704067200108700000,ADD,848,SELL,41997.00,12
1704067200108800000,ADD,849,BUY,41991.00,6
1704067200108900000,ADD,850,BUY,41987.50,8
1704067200109000000,ADD,851,BUY,41956.00,2
1704067200109100000,CANCEL,312,,41997.00,9
1704067200109200000,ADD,852,SELL,42032.00,3
1704067200109300000,ADD,853,BUY,41951.00,3
1704067200109400000,ADD,854,SELL,42005.50,11
1704067200109500000,ADD,855,SELL,41999.00,14
1704067200109600000,CANCEL,552,,41988.00,5
1704067200109700000,ADD,856,BUY,41967.50,6
1704067200109800000,ADD,857,BUY,42006.50,20
1704067200109900000,ADD,858,BUY,41977.50,2
1704067200110000000,ADD,859,BUY,41982.00,17
1704067200110100000,ADD,860,SELL,42002.00,13
1704067200110200000,CANCEL,506,,41985.50,15
1704067200110300000,ADD,861,SELL,42028.50,11
1704067200110400000,ADD,862,BUY,41961.00,9
1704067200110500000,ADD,863,SELL,42038.50,8
1704067200110600000,TRADE,,BUY,42000.50,5
1704067200110700000,ADD,864,SELL,42038.50,8
1704067200110800000,ADD,865,SELL,42047.00,6
1704067200110900000,ADD,866,SELL,42035.00,19
1704067200111000000,ADD,867,SELL,42028.50,19
1704067200111100000,TRADE,,SELL,42001.00,8
1704067200111200000,ADD,868,BUY,42001.50,20
1704067200111300000,ADD,869,SELL,41999.00,7
1704067200111400000,CANCEL,479,,42022.50,6
1704067200111500000,CANCEL,453,,42018.00,15
1704067200111600000,ADD,870,BUY,41957.00,4
1704067200111700000,CANCEL,518,,41971.00,20
1704067200111800000,TRADE,,BUY,42001.00,7
1704067200111900000,ADD,871,BUY,41999.00,14
1704067200112000000,CANCEL,671,,42048.50,7
1704067200112100000,CANCEL,250,,41989.00,20
1704067200112200000,CANCEL,757,,42020.50,11
1704067200112300000,CANCEL,815,,41955.00,11
1704067200112400000,CANCEL,318,,41998.50,11
1704067200112500000,CANCEL,254,,41990.00,9
1704067200112600000,ADD,872,SELL,42009.50,1
1704067200112700000,TRADE,,SELL,42000.50,10
1704067200112800000,ADD,873,SELL,42048.50,8
1704067200112900000,CANCEL,144,,41972.50,2
1704067200113000000,TRADE,,BUY,42000.50,4
1704067200113100000,ADD,874,BUY,41998.00,11
1704067200113200000,ADD,875,BUY,41953.50,9
1704067200113300000,CANCEL,3,,41950.50,8
1704067200113400000,ADD,876,BUY,41958.50,14
1704067200113500000,ADD,877,BUY,41955.00,16
1704067200113600000,CANCEL,780,,42015.50,3
1704067200113700000,CANCEL,325,,41999.50,2
1704067200113800000,ADD,878,BUY,41964.50,11
1704067200113900000,ADD,879,BUY,41994.50,6
1704067200114000000,CANCEL,747,,41954.00,13
1704067200114100000,TRADE,,SELL,42000.50,10
1704067200114200000,CANCEL,45,,41957.00,4
1704067200114300000,ADD,880,SELL,42022.50,2
1704067200114400000,ADD,881,BUY,41985.00,18
1704067200114500000,ADD,882,BUY,41952.50,19
1704067200114600000,ADD,883,BUY,42001.00,3
1704067200114700000,ADD,884,SELL,42011.00,1
1704067200114800000,ADD,885,SELL,42024.00,4
1704067200114900000,ADD,886,BUY,41983.00,3
1704067200115000000,CANCEL,556,,42006.50,8
1704067200115100000,ADD,887,SELL,42023.00,9
1704067200115200000,ADD,888,BUY,41978.00,5
1704067200115300000,CANCEL,880,,42022.50,2
1704067200115400000,ADD,889,SELL,42021.50,19
1704067200115500000,ADD,890,BUY,41976.00,18
1704067200115600000,CANCEL,667,,42043.00,13
1704067200115700000,ADD,891,BUY,41969.50,2
1704067200115800000,ADD,892,SELL,42034.00,20
1704067200115900000,ADD,893,SELL,42047.50,6
1704067200116000000,TRADE,,SELL,42000.00,7
1704067200116100000,ADD,894,SELL,42041.50,5
1704067200116200000,CANCEL,370,,42006.00,8
1704067200116300000,ADD,895,SELL,42005.50,18
1704067200116400000,ADD,896,BUY,41973.00,1
1704067200116500000,CANCEL,837,,41992.00,19
1704067200116600000,ADD,897,SELL,41991.50,19
1704067200116700000,ADD,898,SELL,42046.50,19
1704067200116800000,CANCEL,414,,42012.00,5
1704067200116900000,CANCEL,502,,42042.50,3
1704067200117000000,CANCEL,379,,42007.50,5
1704067200117100000,ADD,899,BUY,41952.00,9
1704067200117200000,ADD,900,SELL,42020.50,13
1704067200117300000,CANCEL,483,,42023.50,19
1704067200117400000,CANCEL,73,,41961.00,9
1704067200117500000,CANCEL,390,,42009.00,17
1704067200117600000,CANCEL,30,,41955.00,9
1704067200117700000,ADD,901,SELL,42042.50,4
1704067200117800000,TRADE,,BUY,42000.50,8
1704067200117900000,CANCEL,469,,42021.00,8
1704067200118000000,ADD,902,BUY,41959.50,7
1704067200118100000,TRADE,,BUY,42000.50,9
1704067200118200000,CANCEL,84,,41962.50,2
1704067200118300000,ADD,903,BUY,41975.50,5
1704067200118400000,CANCEL,736,,42018.50,16
1704067200118500000,CANCEL,44,,41957.00,8
1704067200118600000,ADD,904,SELL,42004.00,2
1704067200118700000,ADD,905,SELL,42014.50,15
1704067200118800000,ADD,906,SELL,41990.50,12
1704067200118900000,ADD,907,BUY,41973.50,18
1704067200119000000,ADD,908,BUY,41987.50,3
1704067200119100000,ADD,909,BUY,41978.50,7
1704067200119200000,CANCEL,873,,42048.50,8
1704067200119300000,ADD,910,BUY,41975.50,1
1704067200119400000,ADD,911,BUY,41990.00,8
1704067200119500000,ADD,912,SELL,42048.50,9
1704067200119600000,ADD,913,BUY,41962.50,15
1704067200119700000,ADD,914,SELL,42029.50,1
1704067200119800000,ADD,915,SELL,42019.50,20
1704067200119900000,CANCEL,436,,42015.50,1
1704067200120000000,CANCEL,692,,41967.50,15
1704067200120100000,ADD,916,SELL,42043.00,9
1704067200120200000,CANCEL,882,,41952.50,19
1704067200120300000,ADD,917,BUY,41995.00,20
1704067200120400000,ADD,918,BUY,42001.00,16
1704067200120500000,TRADE,,BUY,42000.50,7
1704067200120600000,CANCEL,807,,42025.00,11
1704067200120700000,CANCEL,794,,41958.50,15
1704067200120800000,CANCEL,513,,41963.50,2
1704067200120900000,CANCEL,329,,42001.00,12
1704067200121000000,CANCEL,870,,41957.00,4
1704067200121100000,CANCEL,908,,41987.50,3
1704067200121200000,ADD,919,BUY,41983.00,18
1704067200121300000,ADD,920,BUY,42003.50,18
1704067200121400000,CANCEL,271,,41992.50,14
1704067200121500000,TRADE,,SELL,42000.50,4
1704067200121600000,ADD,921,SELL,42039.50,11
1704067200121700000,ADD,922,SELL,42007.00,2
1704067200121800000,CANCEL,813,,42003.00,3
1704067200121900000,ADD,923,SELL,42010.50,4
1704067200122000000,CANCEL,569,,42006.50,17
1704067200122100000,ADD,924,BUY,41957.50,7
1704067200122200000,ADD,925,SELL,42049.50,5
1704067200122300000,ADD,926,SELL,42025.00,6
1704067200122400000,ADD,927,BUY,41960.50,6
1704067200122500000,ADD,928,BUY,41989.00,5
1704067200122600000,CANCEL,868,,42001.50,20
1704067200122700000,ADD,929,BUY,41950.00,18
1704067200122800000,ADD,930,BUY,42004.00,17
1704067200122900000,ADD,931,SELL,42013.00,12
1704067200123000000,ADD,932,BUY,41965.50,3
1704067200123100000,CANCEL,441,,42016.00,5
1704067200123200000,TRADE,,BUY,42000.50,9
1704067200123300000,ADD,933,SELL,42018.00,16
1704067200123400000,ADD,934,BUY,41996.00,13
1704067200123500000,ADD,935,BUY,41960.50,1
1704067200123600000,ADD,936,BUY,41982.50,2
1704067200123700000,ADD,937,SELL,42031.50,20
1704067200123800000,TRADE,,SELL,42000.50,1
1704067200123900000,ADD,938,BUY,41956.00,9
1704067200124000000,ADD,939,BUY,41981.50,10
1704067200124100000,ADD,940,BUY,41981.00,5
1704067200124200000,ADD,941,SELL,42031.50,10
1704067200124300000,ADD,942,BUY,41960.00,9
1704067200124400000,CANCEL,300,,41996.00,8
1704067200124500000,ADD,943,BUY,41977.50,7
1704067200124600000,CANCEL,698,,42005.50,19
1704067200124700000,ADD,944,BUY,41995.50,19
1704067200124800000,CANCEL,220,,41984.00,11
1704067200124900000,TRADE,,SELL,42000.00,2
1704067200125000000,TRADE,,SELL,42000.50,5
1704067200125100000,ADD,945,BUY,41993.50,10
1704067200125200000,ADD,946,SELL,42006.50,2
1704067200125300000,ADD,947,BUY,41966.50,15
1704067200125400000,TRADE,,BUY,42000.50,6
1704067200125500000,CANCEL,273,,41992.50,2
1704067200125600000,ADD,948,BUY,41992.00,16
1704067200125700000,CANCEL,894,,42041.50,5
1704067200125800000,CANCEL,252,,41989.50,7
1704067200125900000,ADD,949,SELL,41999.50,6
1704067200126000000,ADD,950,SELL,42029.00,15
1704067200126100000,ADD,951,BUY,41951.50,5
1704067200126200000,ADD,952,BUY,41972.00,3
1704067200126300000,ADD,953,BUY,41984.00,19
1704067200126400000,CANCEL,338,,42002.00,13
1704067200126500000,TRADE,,SELL,42000.50,9
1704067200126600000,CANCEL,860,,42002.00,13
1704067200126700000,ADD,954,SELL,42018.00,13
1704067200126800000,ADD,955,SELL,42031.00,1
1704067200126900000,CANCEL,235,,41986.50,3
1704067200127000000,ADD,956,BUY,41958.50,16
1704067200127100000,ADD,957,BUY,41975.50,18
1704067200127200000,CANCEL,610,,42017.00,18
1704067200127300000,CANCEL,120,,41968.50,18
1704067200127400000,ADD,958,SELL,42043.00,15
1704067200127500000,ADD,959,SELL,42002.00,13
1704067200127600000,ADD,960,SELL,41991.00,20
1704067200127700000,TRADE,,SELL,42001.00,9
1704067200127800000,ADD,961,SELL,42019.00,2
1704067200127900000,CANCEL,675,,41977.50,20
1704067200128000000,ADD,962,SELL,42036.00,12
1704067200128100000,CANCEL,169,,41976.00,5
1704067200128200000,ADD,963,SELL,41993.50,10
1704067200128300000,ADD,964,BUY,42009.00,16
1704067200128400000,ADD,965,SELL,42006.00,20
1704067200128500000,ADD,966,BUY,41961.00,7
1704067200128600000,CANCEL,160,,41975.00,15
1704067200128700000,CANCEL,72,,41960.50,15
1704067200128800000,TRADE,,SELL,42000.50,8
1704067200128900000,ADD,967,SELL,42048.00,1
1704067200129000000,ADD,968,BUY,41992.00,16
1704067200129100000,TRADE,,SELL,42001.00,10
1704067200129200000,ADD,969,SELL,41996.50,20
1704067200129300000,CANCEL,738,,42036.50,10
1704067200129400000,CANCEL,634,,41982.00,12
1704067200129500000,TRADE,,SELL,42001.00,5
1704067200129600000,ADD,970,BUY,41990.00,5
1704067200129700000,ADD,971,SELL,42015.50,18
1704067200129800000,CANCEL,797,,41998.50,8
1704067200129900000,CANCEL,308,,41997.00,18
1704067200130000000,ADD,972,SELL,42046.00,5
1704067200130100000,TRADE,,SELL,42001.00,9
1704067200130200000,ADD,973,SELL,42038.50,18
1704067200130300000,ADD,974,SELL,42021.50,18
1704067200130400000,ADD,975,SELL,42026.50,1
1704067200130500000,ADD,976,BUY,42003.50,6
1704067200130600000,TRADE,,SELL,42000.00,1
1704067200130700000,CANCEL,455,,42018.50,13
1704067200130800000,ADD,977,SELL,42023.00,20
1704067200130900000,CANCEL,810,,41960.00,5
1704067200131000000,CANCEL,910,,41975.50,1
1704067200131100000,ADD,978,BUY,41990.00,10
1704067200131200000,CANCEL,75,,41961.00,8
1704067200131300000,TRADE,,BUY,42001.00,6
1704067200131400000,TRADE,,BUY,42000.50,4
1704067200131500000,CANCEL,666,,41967.00,5
1704067200131600000,CANCEL,897,,41991.50,19
1704067200131700000,CANCEL,915,,42019.50,20
1704067200131800000,ADD,979,SELL,42010.50,7
1704067200131900000,ADD,980,BUY,41959.50,6
1704067200132000000,CANCEL,185,,41978.50,2
1704067200132100000,ADD,981,BUY,41956.50,19
1704067200132200000,CANCEL,8,,41951.50,1
1704067200132300000,ADD,982,SELL,42008.50,11
1704067200132400000,ADD,983,SELL,42042.50,10
1704067200132500000,ADD,984,SELL,42039.50,11
1704067200132600000,ADD,985,SELL,42039.50,6
1704067200132700000,ADD,986,SELL,41992.00,7
1704067200132800000,CANCEL,526,,42001.50,14
1704067200132900000,ADD,987,BUY,41976.50,18
1704067200133000000,CANCEL,920,,42003.50,18
1704067200133100000,ADD,988,SELL,42045.50,20
1704067200133200000,TRADE,,BUY,42000.00,6
1704067200133300000,ADD,989,SELL,41992.50,10
1704067200133400000,ADD,990,SELL,42026.00,17
1704067200133500000,ADD,991,BUY,41959.50,17
1704067200133600000,ADD,992,BUY,41988.50,18
1704067200133700000,ADD,993,BUY,41988.50,14
1704067200133800000,CANCEL,323,,41999.00,19
1704067200133900000,ADD,994,SELL,42039.00,3
1704067200134000000,CANCEL,242,,41987.50,18
1704067200134100000,ADD,995,SELL,41990.50,6
1704067200134200000,CANCEL,817,,42009.00,12
1704067200134300000,ADD,996,SELL,42021.00,15
1704067200134400000,CANCEL,661,,41957.50,20
1704067200134500000,ADD,997,BUY,42001.00,20
1704067200134600000,ADD,998,SELL,41998.50,12
1704067200134700000,TRADE,,BUY,42001.00,5
1704067200134800000,CANCEL,439,,42015.50,13
1704067200134900000,CANCEL,670,,42017.00,19
1704067200135000000,ADD,999,SELL,41991.50,8
1704067200135100000,ADD,1000,BUY,41977.50,5
1704067200135200000,ADD,1001,SELL,42043.50,12
1704067200135300000,TRADE,,BUY,42001.00,3
1704067200135400000,ADD,1002,BUY,41977.00,3
1704067200135500000,ADD,1003,SELL,42018.00,14
1704067200135600000,TRADE,,SELL,42000.00,3
1704067200135700000,ADD,1004,SELL,42010.00,19
1704067200135800000,CANCEL,806,,41993.50,3
1704067200135900000,ADD,1005,SELL,42004.50,4
1704067200136000000,ADD,1006,SELL,42018.50,8
1704067200136100000,ADD,1007,SELL,42016.50,15
1704067200136200000,ADD,1008,SELL,42008.50,19
1704067200136300000,ADD,1009,BUY,41950.00,8
1704067200136400000,CANCEL,993,,41988.50,14
1704067200136500000,CANCEL,668,,41966.00,15
1704067200136600000,ADD,1010,BUY,41966.50,16
1704067200136700000,ADD,1011,BUY,41977.50,6
1704067200136800000,CANCEL,129,,41970.00,10
1704067200136900000,CANCEL,219,,41984.00,7
1704067200137000000,CANCEL,314,,41997.50,9
1704067200137100000,ADD,1012,SELL,41991.00,1
1704067200137200000,CANCEL,912,,42048.50,9
1704067200137300000,ADD,1013,SELL,42030.00,2
1704067200137400000,ADD,1014,SELL,42024.00,5
1704067200137500000,ADD,1015,BUY,41986.50,10
1704067200137600000,ADD,1016,SELL,41993.50,1
1704067200137700000,CANCEL,890,,41976.00,18
1704067200137800000,CANCEL,770,,42017.00,11
1704067200137900000,ADD,1017,BUY,41978.50,5
1704067200138000000,CANCEL,733,,41994.00,20
1704067200138100000,TRADE,,BUY,42001.00,4
1704067200138200000,ADD,1018,BUY,42003.00,12
1704067200138300000,ADD,1019,SELL,42003.00,11
1704067200138400000,ADD,1020,SELL,42014.50,9
1704067200138500000,ADD,1021,SELL,42019.50,19
1704067200138600000,CANCEL,123,,41969.00,18
1704067200138700000,ADD,1022,BUY,41976.00,12
1704067200138800000,CANCEL,550,,42015.50,13
1704067200138900000,ADD,1023,BUY,41975.00,5
1704067200139000000,ADD,1024,BUY,41964.00,5
1704067200139100000,ADD,1025,BUY,41956.00,8
1704067200139200000,ADD,1026,BUY,42007.00,16
1704067200139300000,ADD,1027,BUY,41951.00,2
1704067200139400000,ADD,1028,SELL,41995.00,19
1704067200139500000,ADD,1029,BUY,41976.00,13
1704067200139600000,ADD,1030,SELL,41997.00,10
1704067200139700000,TRADE,,BUY,42000.50,8
1704067200139800000,CANCEL,276,,41993.00,12
1704067200139900000,ADD,1031,BUY,42006.00,6
1704067200140000000,CANCEL,772,,42016.50,13
1704067200140100000,ADD,1032,SELL,42023.00,19
1704067200140200000,ADD,1033,BUY,42001.00,17
1704067200140300000,CANCEL,764,,41980.00,11
1704067200140400000,CANCEL,241,,41987.00,10
1704067200140500000,CANCEL,288,,41994.50,11
1704067200140600000,ADD,1034,SELL,41998.00,17
1704067200140700000,CANCEL,146,,41973.00,17
1704067200140800000,ADD,1035,BUY,41991.50,14
1704067200140900000,ADD,1036,BUY,42006.00,8
1704067200141000000,TRADE,,BUY,42001.00,6
1704067200141100000,ADD,1037,SELL,42035.00,4
1704067200141200000,ADD,1038,BUY,41995.50,3
1704067200141300000,ADD,1039,SELL,42010.50,1
1704067200141400000,ADD,1040,BUY,42007.00,11
1704067200141500000,ADD,1041,BUY,41979.50,9
1704067200141600000,CANCEL,662,,41999.50,19
1704067200141700000,ADD,1042,SELL,42020.50,7
1704067200141800000,ADD,1043,SELL,42019.00,18
1704067200141900000,ADD,1044,SELL,42039.00,13
1704067200142000000,CANCEL,956,,41958.50,16
1704067200142100000,ADD,1045,BUY,41997.50,4
1704067200142200000,ADD,1046,BUY,41977.50,2
1704067200142300000,ADD,1047,SELL,41991.00,5
1704067200142400000,ADD,1048,SELL,41992.50,12
1704067200142500000,ADD,1049,BUY,41999.00,20
1704067200142600000,CANCEL,464,,42020.00,2
1704067200142700000,CANCEL,885,,42024.00,4
1704067200142800000,ADD,1050,SELL,42025.00,1
1704067200142900000,ADD,1051,SELL,42015.00,2
1704067200143000000,CANCEL,778,,41976.00,19
1704067200143100000,ADD,1052,BUY,41952.00,8
1704067200143200000,CANCEL,260,,41990.50,11
1704067200143300000,ADD,1053,BUY,41983.50,13
1704067200143400000,ADD,1054,SELL,42004.50,3
1704067200143500000,ADD,1055,SELL,42029.50,12
1704067200143600000,TRADE,,BUY,42000.50,4
1704067200143700000,ADD,1056,BUY,42002.50,17
1704067200143800000,ADD,1057,BUY,41997.50,17
1704067200143900000,TRADE,,SELL,42001.00,10
1704067200144000000,ADD,1058,BUY,41974.00,8
1704067200144100000,CANCEL,715,,42005.00,10
1704067200144200000,CANCEL,875,,41953.50,9
1704067200144300000,CANCEL,744,,41963.50,10
1704067200144400000,ADD,1059,BUY,41999.50,8
1704067200144500000,CANCEL,650,,42000.00,10
1704067200144600000,TRADE,,SELL,42000.00,5
1704067200144700000,ADD,1060,BUY,41991.00,3
1704067200144800000,ADD,1061,BUY,41961.00,19
1704067200144900000,ADD,1062,SELL,42045.50,16
1704067200145000000,CANCEL,381,,42007.50,4
1704067200145100000,CANCEL,429,,42014.50,10
1704067200145200000,ADD,1063,BUY,41981.00,5
1704067200145300000,CANCEL,194,,41979.50,5
1704067200145400000,TRADE,,SELL,42000.50,10
1704067200145500000,ADD,1064,SELL,42042.50,12
1704067200145600000,CANCEL,765,,42009.00,8
1704067200145700000,CANCEL,866,,42035.00,19
1704067200145800000,CANCEL,762,,42004.00,12
1704067200145900000,ADD,1065,SELL,42020.50,19
1704067200146000000,ADD,1066,SELL,42047.00,2
1704067200146100000,ADD,1067,BUY,41958.50,4
1704067200146200000,CANCEL,722,,42002.50,14
1704067200146300000,ADD,1068,BUY,41969.00,4
1704067200146400000,ADD,1069,SELL,42028.00,8
1704067200146500000,ADD,1070,SELL,42010.00,14
1704067200146600000,ADD,1071,SELL,42043.00,9
1704067200146700000,ADD,1072,SELL,42034.50,4
1704067200146800000,CANCEL,388,,42008.50,15
1704067200146900000,ADD,1073,SELL,42040.00,5
1704067200147000000,ADD,1074,BUY,41956.50,17
1704067200147100000,ADD,1075,BUY,41962.50,19
1704067200147200000,ADD,1076,BUY,41961.00,9
1704067200147300000,ADD,1077,SELL,42017.50,12
1704067200147400000,ADD,1078,SELL,42018.00,14
1704067200147500000,ADD,1079,SELL,42010.50,19
1704067200147600000,CANCEL,830,,41978.50,12
1704067200147700000,ADD,1080,SELL,42034.00,16
1704067200147800000,CANCEL,706,,41962.00,9
1704067200147900000,CANCEL,618,,42023.00,10
1704067200148000000,CANCEL,729,,41973.50,8
1704067200148100000,CANCEL,236,,41986.50,8
1704067200148200000,CANCEL,958,,42043.00,15
1704067200148300000,CANCEL,558,,41995.50,10
1704067200148400000,ADD,1081,SELL,42045.50,3
1704067200148500000,ADD,1082,BUY,41964.50,9
1704067200148600000,CANCEL,639,,42018.50,2
1704067200148700000,ADD,1083,BUY,41968.00,19
1704067200148800000,ADD,1084,BUY,41992.50,5
1704067200148900000,CANCEL,983,,42042.50,10
1704067200149000000,ADD,1085,SELL,42011.50,13
1704067200149100000,ADD,1086,BUY,41977.50,1
1704067200149200000,CANCEL,821,,42024.00,3
1704067200149300000,CANCEL,134,,41970.50,4
1704067200149400000,ADD,1087,SELL,41999.50,13
1704067200149500000,ADD,1088,BUY,41981.50,5
1704067200149600000,ADD,1089,BUY,42004.00,11
1704067200149700000,CANCEL,742,,41991.50,7
1704067200149800000,TRADE,,SELL,42000.50,8
1704067200149900000,ADD,1090,SELL,42030.00,15
1704067200150000000,CANCEL,960,,41991.00,20
1704067200150100000,CANCEL,699,,42003.00,6
1704067200150200000,ADD,1091,SELL,42018.00,18
1704067200150300000,ADD,1092,BUY,41970.50,5
1704067200150400000,ADD,1093,BUY,41992.50,12
1704067200150500000,ADD,1094,SELL,42025.00,16
1704067200150600000,ADD,1095,SELL,42030.50,1
1704067200150700000,ADD,1096,BUY,41972.00,8
1704067200150800000,ADD,1097,SELL,42019.50,9
1704067200150900000,ADD,1098,SELL,42040.00,20
1704067200151000000,CANCEL,1014,,42024.00,5
1704067200151100000,ADD,1099,SELL,42014.00,7
1704067200151200000,CANCEL,304,,41996.50,9
1704067200151300000,ADD,1100,BUY,41972.50,20
1704067200151400000,ADD,1101,BUY,41998.50,1
1704067200151500000,ADD,1102,BUY,41986.00,1
1704067200151600000,ADD,1103,BUY,41967.00,10
1704067200151700000,CANCEL,789,,42018.00,15
1704067200151800000,TRADE,,BUY,42001.00,6
1704067200151900000,ADD,1104,SELL,41992.50,13
1704067200152000000,ADD,1105,BUY,41992.00,13
1704067200152100000,CANCEL,198,,41980.00,19
1704067200152200000,TRADE,,SELL,42000.50,8
1704067200152300000,ADD,1106,SELL,42037.00,4
1704067200152400000,ADD,1107,SELL,42034.50,10
1704067200152500000,TRADE,,BUY,42000.50,9
1704067200152600000,ADD,1108,BUY,41960.00,2
1704067200152700000,CANCEL,364,,42005.00,3
1704067200152800000,TRADE,,BUY,42000.50,1
1704067200152900000,ADD,1109,BUY,42008.00,1
1704067200153000000,TRADE,,SELL,42000.50,10
1704067200153100000,ADD,1110,SELL,42025.50,20
1704067200153200000,ADD,1111,SELL,42004.00,12
1704067200153300000,CANCEL,1036,,42006.00,8
1704067200153400000,ADD,1112,BUY,41966.00,18
1704067200153500000,CANCEL,1093,,41992.50,12
1704067200153600000,ADD,1113,SELL,42002.00,13
1704067200153700000,ADD,1114,BUY,41974.50,15
1704067200153800000,ADD,1115,SELL,42029.00,18
1704067200153900000,ADD,1116,SELL,42041.50,18
1704067200154000000,ADD,1117,SELL,42041.00,18
1704067200154100000,ADD,1118,BUY,41969.00,6
1704067200154200000,CANCEL,946,,42006.50,2
1704067200154300000,CANCEL,1115,,42029.00,18
1704067200154400000,CANCEL,540,,41952.00,16
1704067200154500000,CANCEL,992,,41988.50,18
1704067200154600000,TRADE,,SELL,42000.00,8
1704067200154700000,CANCEL,261,,41991.00,9
1704067200154800000,CANCEL,544,,42003.50,2
1704067200154900000,ADD,1119,BUY,42007.00,2
1704067200155000000,CANCEL,208,,41982.00,20
1704067200155100000,ADD,1120,BUY,42002.50,2
1704067200155200000,ADD,1121,SELL,42027.00,19
1704067200155300000,ADD,1122,BUY,41953.50,7
1704067200155400000,CANCEL,128,,41969.50,7
1704067200155500000,ADD,1123,SELL,42037.50,14
1704067200155600000,CANCEL,1051,,42015.00,2
1704067200155700000,ADD,1124,SELL,42037.00,10
1704067200155800000,ADD,1125,BUY,41955.00,8
1704067200155900000,ADD,1126,BUY,41962.50,6
1704067200156000000,ADD,1127,SELL,42038.50,19
1704067200156100000,ADD,1128,BUY,41994.00,6
1704067200156200000,CANCEL,864,,42038.50,8
1704067200156300000,ADD,1129,BUY,42000.00,15
1704067200156400000,TRADE,,SELL,42000.50,6
1704067200156500000,CANCEL,680,,42035.50,10
1704067200156600000,CANCEL,704,,42043.00,13
1704067200156700000,CANCEL,548,,41995.00,18
1704067200156800000,CANCEL,889,,42021.50,19
1704067200156900000,ADD,1130,BUY,41987.00,12
1704067200157000000,TRADE,,BUY,42000.50,1
1704067200157100000,TRADE,,SELL,42000.50,5
1704067200157200000,ADD,1131,SELL,42016.50,9
1704067200157300000,TRADE,,SELL,42000.50,10
1704067200157400000,ADD,1132,BUY,41957.00,12
1704067200157500000,CANCEL,422,,42013.50,14
1704067200157600000,ADD,1133,SELL,41994.00,7
1704067200157700000,CANCEL,1073,,42040.00,5
1704067200157800000,ADD,1134,BUY,41995.00,19
1704067200157900000,CANCEL,153,,41974.00,16
1704067200158000000,ADD,1135,BUY,41979.00,3
1704067200158100000,CANCEL,1126,,41962.50,6
1704067200158200000,ADD,1136,SELL,42046.50,4
1704067200158300000,CANCEL,389,,42008.50,5
1704067200158400000,CANCEL,941,,42031.50,10
1704067200158500000,TRADE,,SELL,42000.50,1
1704067200158600000,ADD,1137,BUY,41957.50,17
1704067200158700000,CANCEL,265,,41991.50,1
1704067200158800000,ADD,1138,SELL,42023.00,20
1704067200158900000,ADD,1139,BUY,41989.50,5
1704067200159000000,ADD,1140,BUY,41952.50,13
1704067200159100000,ADD,1141,BUY,41985.00,5
1704067200159200000,ADD,1142,BUY,41978.50,18
1704067200159300000,CANCEL,1091,,42018.00,18
1704067200159400000,ADD,1143,BUY,41971.50,19
1704067200159500000,ADD,1144,SELL,42018.00,11
1704067200159600000,ADD,1145,SELL,42009.50,12
1704067200159700000,CANCEL,727,,42009.50,6
1704067200159800000,CANCEL,726,,42016.50,10
1704067200159900000,ADD,1146,SELL,42019.50,3
1704067200160000000,ADD,1147,BUY,41996.50,10
1704067200160100000,ADD,1148,SELL,41994.50,1
1704067200160200000,ADD,1149,SELL,42028.00,9
1704067200160300000,ADD,1150,SELL,42035.00,1
1704067200160400000,ADD,1151,SELL,42013.50,2
1704067200160500000,ADD,1152,SELL,42003.50,1
1704067200160600000,ADD,1153,SELL,42045.50,12
1704067200160700000,CANCEL,31,,41955.00,2
1704067200160800000,ADD,1154,SELL,42049.00,17
1704067200160900000,TRADE,,BUY,42000.50,10
1704067200161000000,ADD,1155,BUY,41973.00,1
1704067200161100000,ADD,1156,SELL,42025.00,6
1704067200161200000,ADD,1157,SELL,42016.00,17
1704067200161300000,ADD,1158,BUY,41969.50,1
1704067200161400000,TRADE,,SELL,42000.00,6
1704067200161500000,CANCEL,1009,,41950.00,8
1704067200161600000,ADD,1159,SELL,42034.00,8
1704067200161700000,ADD,1160,SELL,42016.50,20
1704067200161800000,ADD,1161,SELL,42008.00,18
1704067200161900000,CANCEL,352,,42004.00,20
1704067200162000000,CANCEL,537,,41980.00,5
1704067200162100000,CANCEL,848,,41997.00,12
1704067200162200000,TRADE,,BUY,42001.00,3
1704067200162300000,CANCEL,905,,42014.50,15
1704067200162400000,TRADE,,BUY,42000.50,2
1704067200162500000,ADD,1162,SELL,41990.50,11
1704067200162600000,CANCEL,693,,42028.50,9
1704067200162700000,TRADE,,BUY,42000.50,5
1704067200162800000,ADD,1163,BUY,42001.00,20
1704067200162900000,CANCEL,957,,41975.50,18
1704067200163000000,ADD,1164,BUY,41984.50,12
1704067200163100000,ADD,1165,SELL,41998.50,16
1704067200163200000,CANCEL,631,,41980.00,1
1704067200163300000,ADD,1166,BUY,41958.00,8
1704067200163400000,ADD,1167,SELL,41992.50,14
1704067200163500000,ADD,1168,SELL,42011.00,6
1704067200163600000,TRADE,,SELL,42001.00,8
1704067200163700000,CANCEL,760,,42036.00,3
1704067200163800000,CANCEL,716,,41953.50,14
1704067200163900000,ADD,1169,BUY,41969.00,11
1704067200164000000,ADD,1170,SELL,42027.50,2
1704067200164100000,ADD,1171,BUY,41952.00,8
1704067200164200000,ADD,1172,BUY,41978.00,17
1704067200164300000,CANCEL,82,,41962.00,17
1704067200164400000,ADD,1173,BUY,41988.50,10
1704067200164500000,ADD,1174,BUY,41952.50,17
1704067200164600000,TRADE,,BUY,42000.50,2
1704067200164700000,CANCEL,189,,41979.00,9
1704067200164800000,ADD,1175,SELL,42028.00,13
1704067200164900000,ADD,1176,BUY,41979.50,7
1704067200165000000,CANCEL,149,,41973.50,7
1704067200165100000,ADD,1177,SELL,42040.00,4
1704067200165200000,ADD,1178,SELL,42005.00,13
1704067200165300000,CANCEL,842,,42048.00,8
1704067200165400000,CANCEL,284,,41994.00,6
1704067200165500000,ADD,1179,BUY,41995.50,19
1704067200165600000,CANCEL,267,,41991.50,3
1704067200165700000,ADD,1180,BUY,41952.50,10
1704067200165800000,ADD,1181,SELL,42031.50,4
1704067200165900000,CANCEL,358,,42004.50,16
1704067200166000000,ADD,1182,SELL,41995.00,16
1704067200166100000,ADD,1183,BUY,41962.00,19
1704067200166200000,CANCEL,768,,41962.50,16
1704067200166300000,ADD,1184,BUY,41962.00,18
1704067200166400000,ADD,1185,SELL,42011.00,6
1704067200166500000,ADD,1186,SELL,41998.50,19
1704067200166600000,CANCEL,532,,41994.00,16
1704067200166700000,ADD,1187,BUY,42010.00,6
1704067200166800000,CANCEL,977,,42023.00,20
1704067200166900000,CANCEL,1077,,42017.50,12
1704067200167000000,ADD,1188,SELL,42023.50,19
1704067200167100000,ADD,1189,BUY,41966.00,13
1704067200167200000,CANCEL,1142,,41978.50,18
1704067200167300000,ADD,1190,SELL,42007.50,9
1704067200167400000,ADD,1191,BUY,41960.50,2
1704067200167500000,ADD,1192,SELL,42049.50,16
1704067200167600000,CANCEL,971,,42015.50,18
1704067200167700000,TRADE,,SELL,42000.50,10
1704067200167800000,CANCEL,460,,42019.00,1
1704067200167900000,ADD,1193,SELL,42007.50,19
1704067200168000000,ADD,1194,SELL,42040.50,20
1704067200168100000,ADD,1195,BUY,41956.00,15
1704067200168200000,CANCEL,201,,41980.50,2
1704067200168300000,CANCEL,369,,42006.00,2
1704067200168400000,CANCEL,711,,42046.00,4
1704067200168500000,ADD,1196,BUY,41982.00,1
1704067200168600000,CANCEL,1071,,42043.00,9
1704067200168700000,ADD,1197,SELL,42026.00,11
1704067200168800000,CANCEL,196,,41979.50,10
1704067200168900000,CANCEL,605,,42037.00,2
1704067200169000000,ADD,1198,SELL,42042.00,7
1704067200169100000,ADD,1199,BUY,41996.00,2
1704067200169200000,CANCEL,820,,41979.50,17
1704067200169300000,ADD,1200,BUY,41995.00,15
1704067200169400000,CANCEL,714,,42003.50,5
1704067200169500000,TRADE,,BUY,42000.50,10
1704067200169600000,CANCEL,567,,41979.50,1
1704067200169700000,ADD,1201,BUY,41966.50,12
1704067200169800000,ADD,1202,BUY,41967.00,13
1704067200169900000,CANCEL,301,,41996.00,1
1704067200170000000,ADD,1203,BUY,41993.00,10
1704067200170100000,CANCEL,568,,41976.50,3
1704067200170200000,CANCEL,494,,42025.50,14
1704067200170300000,ADD,1204,BUY,41972.50,10
1704067200170400000,ADD,1205,BUY,42008.00,7
1704067200170500000,TRADE,,BUY,42000.00,8
1704067200170600000,TRADE,,BUY,42000.50,8
1704067200170700000,CANCEL,883,,42001.00,3
1704067200170800000,ADD,1206,BUY,41955.00,17
1704067200170900000,CANCEL,232,,41986.00,17
1704067200171000000,ADD,1207,BUY,41993.00,4
1704067200171100000,ADD,1208,SELL,42030.00,3
1704067200171200000,ADD,1209,SELL,41997.50,10
1704067200171300000,ADD,1210,SELL,42011.50,7
1704067200171400000,ADD,1211,BUY,41972.00,4
1704067200171500000,ADD,1212,BUY,42009.50,18
1704067200171600000,ADD,1213,BUY,41966.00,5
1704067200171700000,TRADE,,SELL,42000.50,3
1704067200171800000,ADD,1214,SELL,42022.50,5
1704067200171900000,ADD,1215,SELL,41994.00,3
1704067200172000000,ADD,1216,BUY,41979.50,15
1704067200172100000,CANCEL,566,,41950.00,5
1704067200172200000,ADD,1217,BUY,41990.50,3
1704067200172300000,TRADE,,SELL,42000.50,3
1704067200172400000,ADD,1218,SELL,42006.00,10
1704067200172500000,CANCEL,1108,,41960.00,2
1704067200172600000,CANCEL,812,,42003.50,10
1704067200172700000,ADD,1219,BUY,41981.00,12
1704067200172800000,ADD,1220,SELL,42039.50,11
1704067200172900000,ADD,1221,BUY,41967.50,15
1704067200173000000,CANCEL,516,,41974.00,3
1704067200173100000,CANCEL,990,,42026.00,17
1704067200173200000,ADD,1222,SELL,42036.00,4
1704067200173300000,ADD,1223,SELL,42027.00,13
1704067200173400000,ADD,1224,BUY,41958.00,16
1704067200173500000,ADD,1225,BUY,41979.50,14
1704067200173600000,ADD,1226,BUY,41958.50,3
1704067200173700000,CANCEL,1113,,42002.00,13
1704067200173800000,ADD,1227,BUY,41973.00,18
1704067200173900000,ADD,1228,BUY,41970.50,20
1704067200174000000,ADD,1229,SELL,42019.50,16
1704067200174100000,CANCEL,101,,41965.00,1
1704067200174200000,ADD,1230,SELL,42045.50,1
1704067200174300000,CANCEL,1056,,42002.50,17
1704067200174400000,ADD,1231,SELL,42029.50,7
1704067200174500000,ADD,1232,SELL,42040.00,10
1704067200174600000,TRADE,,SELL,42000.50,6
1704067200174700000,TRADE,,SELL,42000.50,9
1704067200174800000,ADD,1233,BUY,41968.50,18
1704067200174900000,TRADE,,BUY,42000.50,6
1704067200175000000,ADD,1234,BUY,42005.00,19
1704067200175100000,ADD,1235,BUY,41969.00,18
1704067200175200000,ADD,1236,BUY,42006.00,12
1704067200175300000,CANCEL,283,,41994.00,8
1704067200175400000,ADD,1237,SELL,41990.00,1
1704067200175500000,ADD,1238,SELL,42049.00,5
1704067200175600000,ADD,1239,SELL,42023.50,20
1704067200175700000,TRADE,,SELL,42000.50,7
1704067200175800000,ADD,1240,BUY,41959.50,20
1704067200175900000,ADD,1241,BUY,41985.50,9
1704067200176000000,ADD,1242,SELL,42049.00,19
1704067200176100000,ADD,1243,BUY,41998.00,3
1704067200176200000,ADD,1244,SELL,42049.00,9
1704067200176300000,ADD,1245,BUY,41954.50,16
1704067200176400000,CANCEL,1061,,41961.00,19
1704067200176500000,TRADE,,BUY,42000.50,10
1704067200176600000,ADD,1246,BUY,41989.00,16
1704067200176700000,ADD,1247,SELL,42017.00,12
1704067200176800000,TRADE,,SELL,42000.50,1
1704067200176900000,CANCEL,985,,42039.50,6
1704067200177000000,CANCEL,1137,,41957.50,17
1704067200177100000,CANCEL,478,,42022.00,20
1704067200177200000,ADD,1248,BUY,41952.50,10
1704067200177300000,CANCEL,1020,,42014.50,9
1704067200177400000,ADD,1249,BUY,42001.50,9
1704067200177500000,ADD,1250,SELL,42013.50,4
1704067200177600000,CANCEL,979,,42010.50,7
1704067200177700000,CANCEL,1060,,41991.00,3
1704067200177800000,ADD,1251,SELL,42035.50,16
1704067200177900000,ADD,1252,SELL,42000.00,5
1704067200178000000,ADD,1253,SELL,42038.00,14
1704067200178100000,CANCEL,432,,42015.00,16
1704067200178200000,CANCEL,1143,,41971.50,19
1704067200178300000,CANCEL,387,,42008.50,4
1704067200178400000,ADD,1254,SELL,41992.50,4
1704067200178500000,ADD,1255,BUY,41974.00,18
1704067200178600000,ADD,1256,SELL,42014.00,17
1704067200178700000,CANCEL,20,,41953.50,14
1704067200178800000,ADD,1257,SELL,42016.50,17
1704067200178900000,CANCEL,69,,41960.50,7
1704067200179000000,ADD,1258,SELL,42042.50,20
1704067200179100000,TRADE,,SELL,42000.50,5
1704067200179200000,CANCEL,477,,42022.00,20
1704067200179300000,CANCEL,701,,42000.00,10
1704067200179400000,ADD,1259,SELL,42034.00,7
1704067200179500000,ADD,1260,SELL,42016.50,1
1704067200179600000,CANCEL,1257,,42016.50,17
1704067200179700000,ADD,1261,BUY,41984.50,12
1704067200179800000,ADD,1262,BUY,41951.00,3
1704067200179900000,ADD,1263,SELL,42011.50,20
1704067200180000000,CANCEL,1128,,41994.00,6
1704067200180100000,TRADE,,BUY,42000.50,7
1704067200180200000,CANCEL,1054,,42004.50,3
1704067200180300000,ADD,1264,SELL,42035.00,9
1704067200180400000,ADD,1265,SELL,41994.50,9
1704067200180500000,CANCEL,1109,,42008.00,1
1704067200180600000,TRADE,,SELL,42000.50,3
1704067200180700000,CANCEL,522,,41964.00,15
1704067200180800000,CANCEL,688,,41976.50,11
1704067200180900000,ADD,1266,SELL,42041.00,6
1704067200181000000,ADD,1267,BUY,41980.50,6
1704067200181100000,CANCEL,191,,41979.00,10
1704067200181200000,ADD,1268,SELL,42032.50,15
1704067200181300000,CANCEL,179,,41977.50,3
1704067200181400000,ADD,1269,BUY,41989.00,1
1704067200181500000,CANCEL,281,,41994.00,20
1704067200181600000,CANCEL,1,,41950.00,1
1704067200181700000,TRADE,,SELL,42000.50,6
1704067200181800000,TRADE,,SELL,42000.50,8
1704067200181900000,ADD,1270,BUY,41990.50,3
1704067200182000000,ADD,1271,BUY,41991.00,16
1704067200182100000,ADD,1272,SELL,42017.50,10
1704067200182200000,ADD,1273,SELL,42005.50,18
1704067200182300000,CANCEL,629,,42006.50,10
1704067200182400000,ADD,1274,BUY,41982.50,6
1704067200182500000,ADD,1275,SELL,42015.50,13
1704067200182600000,CANCEL,1042,,42020.50,7
1704067200182700000,CANCEL,856,,41967.50,6
1704067200182800000,ADD,1276,SELL,42008.00,7
1704067200182900000,ADD,1277,SELL,42020.00,18
1704067200183000000,CANCEL,877,,41955.00,16
1704067200183100000,ADD,1278,SELL,42050.00,2
1704067200183200000,ADD,1279,BUY,41970.50,7
1704067200183300000,CANCEL,1092,,41970.50,5
1704067200183400000,ADD,1280,SELL,42027.50,19
1704067200183500000,ADD,1281,BUY,41974.50,1
1704067200183600000,ADD,1282,SELL,41997.00,5
1704067200183700000,ADD,1283,SELL,42041.00,4
1704067200183800000,ADD,1284,BUY,41991.00,4
1704067200183900000,ADD,1285,SELL,42004.00,7
1704067200184000000,ADD,1286,SELL,42034.00,11
1704067200184100000,ADD,1287,SELL,42017.00,7
1704067200184200000,CANCEL,1002,,41977.00,3
1704067200184300000,ADD,1288,BUY,41988.00,6
1704067200184400000,CANCEL,949,,41999.50,6
1704067200184500000,ADD,1289,BUY,41956.50,20
1704067200184600000,ADD,1290,BUY,41954.00,1
1704067200184700000,ADD,1291,BUY,41994.50,14
1704067200184800000,CANCEL,1233,,41968.50,18
1704067200184900000,CANCEL,1125,,41955.00,8
1704067200185000000,ADD,1292,BUY,41972.50,8
1704067200185100000,TRADE,,SELL,42000.00,3
1704067200185200000,CANCEL,1026,,42007.00,16
1704067200185300000,TRADE,,SELL,42001.00,6
1704067200185400000,ADD,1293,SELL,42049.50,4
1704067200185500000,CANCEL,1203,,41993.00,10
1704067200185600000,TRADE,,SELL,42000.50,4
1704067200185700000,ADD,1294,BUY,41984.50,16
1704067200185800000,ADD,1295,BUY,41952.50,12
1704067200185900000,ADD,1296,BUY,41990.50,15
1704067200186000000,ADD,1297,SELL,42009.50,1
1704067200186100000,ADD,1298,BUY,41986.00,19
1704067200186200000,ADD,1299,BUY,41995.00,8
1704067200186300000,CANCEL,611,,42030.50,5
1704067200186400000,ADD,1300,BUY,41960.00,8
1704067200186500000,ADD,1301,SELL,41994.50,7
1704067200186600000,TRADE,,BUY,42000.50,3
1704067200186700000,ADD,1302,BUY,41963.50,11
1704067200186800000,ADD,1303,SELL,41991.50,15
1704067200186900000,ADD,1304,BUY,41994.50,20
1704067200187000000,ADD,1305,SELL,42045.50,19
1704067200187100000,TRADE,,SELL,42000.00,9
1704067200187200000,ADD,1306,SELL,42042.00,9
1704067200187300000,ADD,1307,BUY,41962.50,14
1704067200187400000,ADD,1308,SELL,42008.50,19
1704067200187500000,CANCEL,756,,41994.50,3
1704067200187600000,TRADE,,BUY,42000.50,9
1704067200187700000,ADD,1309,SELL,42040.00,4
1704067200187800000,ADD,1310,BUY,41950.50,14
1704067200187900000,TRADE,,BUY,42000.50,2
1704067200188000000,ADD,1311,SELL,42023.50,19
1704067200188100000,CANCEL,42,,41956.50,8
1704067200188200000,TRADE,,BUY,42000.00,7
1704067200188300000,ADD,1312,SELL,42035.50,1
1704067200188400000,CANCEL,124,,41969.00,6
1704067200188500000,ADD,1313,SELL,42015.50,9
1704067200188600000,CANCEL,1032,,42023.00,19
1704067200188700000,ADD,1314,SELL,42005.00,11
1704067200188800000,CANCEL,98,,41964.50,10
1704067200188900000,ADD,1315,SELL,42003.50,13
1704067200189000000,ADD,1316,SELL,42009.50,18
1704067200189100000,CANCEL,967,,42048.00,1
1704067200189200000,CANCEL,396,,42009.50,15
1704067200189300000,ADD,1317,BUY,41982.50,19
1704067200189400000,CANCEL,1151,,42013.50,2
1704067200189500000,ADD,1318,SELL,42018.50,9
1704067200189600000,ADD,1319,BUY,42004.50,15
1704067200189700000,ADD,1320,SELL,41997.00,18
1704067200189800000,CANCEL,822,,41952.00,2
1704067200189900000,CANCEL,1255,,41974.00,18
1704067200190000000,CANCEL,1140,,41952.50,13
1704067200190100000,CANCEL,117,,41967.50,19
1704067200190200000,ADD,1321,SELL,41994.00,6
1704067200190300000,ADD,1322,SELL,41993.00,5
1704067200190400000,ADD,1323,SELL,42031.50,10
1704067200190500000,ADD,1324,SELL,42024.00,14
1704067200190600000,ADD,1325,SELL,42004.00,8
1704067200190700000,CANCEL,921,,42039.50,11
1704067200190800000,CANCEL,755,,42000.00,3
1704067200190900000,ADD,1326,SELL,42025.00,17
1704067200191000000,CANCEL,809,,42002.00,6
1704067200191100000,ADD,1327,SELL,42016.00,9
1704067200191200000,ADD,1328,BUY,41992.50,5
1704067200191300000,ADD,1329,BUY,41996.00,18
1704067200191400000,ADD,1330,SELL,42035.00,5
1704067200191500000,ADD,1331,BUY,41978.50,15
1704067200191600000,ADD,1332,BUY,41951.50,11
1704067200191700000,TRADE,,BUY,42000.50,3
1704067200191800000,ADD,1333,BUY,42009.50,5
1704067200191900000,TRADE,,SELL,42000.00,9
1704067200192000000,TRADE,,BUY,42000.50,8
1704067200192100000,CANCEL,1212,,42009.50,18
1704067200192200000,TRADE,,SELL,42000.00,10
1704067200192300000,CANCEL,804,,42021.50,15
1704067200192400000,ADD,1334,BUY,41952.00,18
1704067200192500000,ADD,1335,BUY,41961.00,12
1704067200192600000,ADD,1336,BUY,41979.00,8
1704067200192700000,CANCEL,1227,,41973.00,18
1704067200192800000,ADD,1337,BUY,41972.50,3
1704067200192900000,TRADE,,BUY,42000.50,10
1704067200193000000,CANCEL,103,,41965.50,17
1704067200193100000,TRADE,,BUY,42000.00,7
1704067200193200000,ADD,1338,BUY,41967.50,15
1704067200193300000,CANCEL,161,,41975.00,2
1704067200193400000,ADD,1339,SELL,42021.50,15
1704067200193500000,ADD,1340,SELL,42022.00,14
1704067200193600000,ADD,1341,SELL,41992.00,16
1704067200193700000,TRADE,,SELL,42000.50,10
1704067200193800000,CANCEL,164,,41975.50,11
1704067200193900000,ADD,1342,SELL,42009.50,15
1704067200194000000,CANCEL,1218,,42006.00,10
1704067200194100000,TRADE,,BUY,42001.00,5
1704067200194200000,ADD,1343,BUY,41991.50,10
1704067200194300000,ADD,1344,SELL,42040.00,5
1704067200194400000,ADD,1345,SELL,42024.00,10
1704067200194500000,ADD,1346,BUY,41962.00,4
1704067200194600000,CANCEL,891,,41969.50,2
1704067200194700000,TRADE,,BUY,42000.50,10
1704067200194800000,ADD,1347,BUY,41984.50,4
1704067200194900000,ADD,1348,SELL,41992.50,19
1704067200195000000,ADD,1349,BUY,41957.00,6
1704067200195100000,ADD,1350,BUY,41998.00,2
1704067200195200000,ADD,1351,SELL,42026.00,6
1704067200195300000,CANCEL,1031,,42006.00,6
1704067200195400000,CANCEL,959,,42002.00,13
1704067200195500000,ADD,1352,BUY,41990.00,9
1704067200195600000,CANCEL,1149,,42028.00,9
1704067200195700000,ADD,1353,SELL,42008.00,5
1704067200195800000,ADD,1354,BUY,41967.00,6
1704067200195900000,ADD,1355,BUY,41959.50,18
1704067200196000000,CANCEL,1305,,42045.50,19
1704067200196100000,TRADE,,SELL,42000.50,2
1704067200196200000,ADD,1356,SELL,41991.50,1
1704067200196300000,ADD,1357,BUY,41991.00,20
1704067200196400000,ADD,1358,SELL,42016.00,4
1704067200196500000,ADD,1359,SELL,41992.50,5
1704067200196600000,ADD,1360,SELL,42038.50,4
1704067200196700000,ADD,1361,SELL,42003.00,4
1704067200196800000,ADD,1362,SELL,42024.00,9
1704067200196900000,ADD,1363,BUY,42002.00,4
1704067200197000000,TRADE,,BUY,42001.00,3
1704067200197100000,CANCEL,55,,41958.50,18
1704067200197200000,ADD,1364,SELL,42047.50,12
1704067200197300000,ADD,1365,SELL,42031.00,17
1704067200197400000,ADD,1366,BUY,41950.50,7
1704067200197500000,CANCEL,553,,41986.50,3
1704067200197600000,ADD,1367,SELL,41997.50,7
1704067200197700000,TRADE,,SELL,42000.50,10
1704067200197800000,ADD,1368,SELL,41998.50,13
1704067200197900000,ADD,1369,SELL,42038.50,11
1704067200198000000,ADD,1370,BUY,42008.00,10
1704067200198100000,ADD,1371,BUY,41956.00,10
1704067200198200000,ADD,1372,SELL,42042.00,8
1704067200198300000,ADD,1373,BUY,41959.50,3
1704067200198400000,CANCEL,1277,,42020.00,18
1704067200198500000,ADD,1374,SELL,42050.00,16
1704067200198600000,CANCEL,741,,42046.00,18
1704067200198700000,ADD,1375,SELL,41991.50,13
1704067200198800000,CANCEL,200,,41980.50,11
1704067200198900000,CANCEL,1373,,41959.50,3
1704067200199000000,TRADE,,BUY,42001.00,6
1704067200199100000,ADD,1376,SELL,42012.50,14
1704067200199200000,CANCEL,547,,42032.50,15
1704067200199300000,CANCEL,1241,,41985.50,9
1704067200199400000,ADD,1377,BUY,41982.00,13
1704067200199500000,ADD,1378,SELL,42049.50,17
1704067200199600000,ADD,1379,SELL,41992.50,16
1704067200199700000,ADD,1380,SELL,41997.50,3
1704067200199800000,ADD,1381,BUY,41980.00,11
1704067200199900000,ADD,1382,SELL,41991.00,17
1704067200200000000,CANCEL,1271,,41991.00,16
1704067200200100000,ADD,1383,BUY,41975.00,18
1704067200200200000,ADD,1384,SELL,42047.50,2
1704067200200300000,TRADE,,SELL,42000.00,8
1704067200200400000,ADD,1385,BUY,41951.50,18
1704067200200500000,CANCEL,1258,,42042.50,20
1704067200200600000,ADD,1386,SELL,42007.50,13
1704067200200700000,ADD,1387,BUY,41983.00,18
1704067200200800000,ADD,1388,BUY,41975.50,13
1704067200200900000,ADD,1389,SELL,42034.00,10
1704067200201000000,ADD,1390,BUY,42008.50,12
1704067200201100000,CANCEL,1019,,42003.00,11
1704067200201200000,ADD,1391,SELL,42006.00,12
1704067200201300000,TRADE,,BUY,42000.00,4
1704067200201400000,ADD,1392,SELL,42045.50,3
1704067200201500000,CANCEL,224,,41984.50,10
1704067200201600000,ADD,1393,BUY,41973.00,14
1704067200201700000,ADD,1394,SELL,42035.00,19
1704067200201800000,ADD,1395,BUY,41966.00,4
1704067200201900000,CANCEL,197,,41980.00,2
1704067200202000000,CANCEL,413,,42012.00,13
1704067200202100000,ADD,1396,SELL,42017.50,20
1704067200202200000,ADD,1397,SELL,42032.00,3
1704067200202300000,CANCEL,961,,42019.00,2
1704067200202400000,ADD,1398,BUY,41978.50,8
1704067200202500000,CANCEL,174,,41976.50,3
1704067200202600000,CANCEL,1021,,42019.50,19
1704067200202700000,ADD,1399,BUY,42008.00,16
1704067200202800000,ADD,1400,BUY,42008.50,17
1704067200202900000,CANCEL,816,,41990.50,5
1704067200203000000,CANCEL,615,,41974.50,8
1704067200203100000,ADD,1401,BUY,41972.50,18
1704067200203200000,ADD,1402,BUY,41993.00,19
1704067200203300000,ADD,1403,SELL,42047.00,9
1704067200203400000,TRADE,,SELL,42000.50,7
1704067200203500000,TRADE,,SELL,42000.00,4
1704067200203600000,ADD,1404,BUY,41984.50,10
1704067200203700000,CANCEL,781,,41993.00,15
1704067200203800000,ADD,1405,SELL,41992.00,14
1704067200203900000,ADD,1406,BUY,41984.50,8
1704067200204000000,ADD,1407,BUY,41962.50,10
1704067200204100000,ADD,1408,SELL,42032.50,2
1704067200204200000,ADD,1409,BUY,42008.00,9
1704067200204300000,CANCEL,355,,42004.00,15
1704067200204400000,CANCEL,78,,41961.50,19
1704067200204500000,TRADE,,BUY,42000.00,2
1704067200204600000,ADD,1410,BUY,42009.50,12
1704067200204700000,CANCEL,1383,,41975.00,18
1704067200204800000,ADD,1411,SELL,42008.00,4
1704067200204900000,ADD,1412,SELL,41996.50,19
1704067200205000000,TRADE,,SELL,42000.50,2
1704067200205100000,ADD,1413,BUY,41966.50,19
1704067200205200000,CANCEL,1300,,41960.00,8
1704067200205300000,CANCEL,480,,42022.50,10
1704067200205400000,TRADE,,BUY,42000.00,4
1704067200205500000,TRADE,,BUY,42000.50,10
1704067200205600000,ADD,1414,SELL,42006.50,18
1704067200205700000,ADD,1415,SELL,42044.00,5
1704067200205800000,ADD,1416,SELL,42002.00,20
1704067200205900000,ADD,1417,SELL,42003.50,8
1704067200206000000,ADD,1418,BUY,41985.00,4
1704067200206100000,ADD,1419,BUY,41950.50,13
1704067200206200000,TRADE,,SELL,42000.50,4
1704067200206300000,ADD,1420,SELL,42022.50,11
1704067200206400000,CANCEL,1259,,42034.00,7
1704067200206500000,CANCEL,1285,,42004.00,7
1704067200206600000,ADD,1421,SELL,42047.00,16
1704067200206700000,CANCEL,1341,,41992.00,16
1704067200206800000,ADD,1422,BUY,41955.00,6
1704067200206900000,CANCEL,930,,42004.00,17
1704067200207000000,ADD,1423,BUY,41977.50,11
1704067200207100000,ADD,1424,BUY,42007.00,15
1704067200207200000,CANCEL,287,,41994.50,6
1704067200207300000,ADD,1425,BUY,41979.00,4
1704067200207400000,ADD,1426,SELL,42041.50,5
1704067200207500000,CANCEL,1169,,41969.00,11
1704067200207600000,ADD,1427,SELL,42044.00,5
1704067200207700000,ADD,1428,SELL,42040.00,7
1704067200207800000,ADD,1429,BUY,41969.00,19
1704067200207900000,ADD,1430,SELL,42032.50,8
1704067200208000000,TRADE,,SELL,42000.00,3
1704067200208100000,ADD,1431,SELL,42008.50,12
1704067200208200000,ADD,1432,SELL,41995.50,15
1704067200208300000,CANCEL,917,,41995.00,20
1704067200208400000,ADD,1433,SELL,42043.00,9
1704067200208500000,ADD,1434,BUY,42008.50,20
1704067200208600000,ADD,1435,SELL,42010.50,6
1704067200208700000,ADD,1436,BUY,41963.00,20
1704067200208800000,ADD,1437,BUY,41982.50,3
1704067200208900000,ADD,1438,BUY,41984.50,7
1704067200209000000,CANCEL,1194,,42040.50,20
1704067200209100000,ADD,1439,SELL,41995.50,2
1704067200209200000,ADD,1440,BUY,42000.00,20
1704067200209300000,CANCEL,1314,,42005.00,11
1704067200209400000,ADD,1441,BUY,41965.00,13
1704067200209500000,CANCEL,277,,41993.00,7
1704067200209600000,TRADE,,SELL,42000.50,5
1704067200209700000,ADD,1442,BUY,41973.50,3
1704067200209800000,ADD,1443,SELL,41991.00,2
1704067200209900000,TRADE,,BUY,42001.00,5
1704067200210000000,CANCEL,1438,,41984.50,7
1704067200210100000,ADD,1444,SELL,42041.50,9
1704067200210200000,ADD,1445,BUY,41987.00,16
1704067200210300000,CANCEL,320,,41998.50,20
1704067200210400000,ADD,1446,SELL,42022.50,7
1704067200210500000,ADD,1447,BUY,42003.50,15
1704067200210600000,ADD,1448,SELL,42003.00,12
1704067200210700000,TRADE,,SELL,42000.50,2
1704067200210800000,CANCEL,1377,,41982.00,13
1704067200210900000,ADD,1449,BUY,41964.00,6
1704067200211000000,CANCEL,1330,,42035.00,5
1704067200211100000,ADD,1450,SELL,42029.50,1
1704067200211200000,ADD,1451,SELL,42005.00,16
1704067200211300000,CANCEL,1401,,41972.50,18
1704067200211400000,ADD,1452,BUY,41956.00,12
1704067200211500000,ADD,1453,SELL,42008.50,3
1704067200211600000,ADD,1454,SELL,42032.00,9
1704067200211700000,ADD,1455,BUY,41983.00,15
1704067200211800000,ADD,1456,SELL,42048.00,19
1704067200211900000,ADD,1457,SELL,42015.00,2
1704067200212000000,CANCEL,995,,41990.50,6
1704067200212100000,TRADE,,BUY,42000.50,3
1704067200212200000,ADD,1458,SELL,42002.00,7
1704067200212300000,ADD,1459,SELL,42038.00,5
1704067200212400000,ADD,1460,BUY,41990.50,10
1704067200212500000,TRADE,,SELL,42000.50,2
1704067200212600000,CANCEL,942,,41960.00,9
1704067200212700000,ADD,1461,BUY,41963.50,20
1704067200212800000,ADD,1462,SELL,42031.00,14
1704067200212900000,CANCEL,181,,41978.00,14
1704067200213000000,ADD,1463,BUY,41961.00,5
1704067200213100000,TRADE,,SELL,42000.50,2
1704067200213200000,ADD,1464,BUY,41974.00,5
1704067200213300000,TRADE,,SELL,42000.50,4
1704067200213400000,ADD,1465,BUY,42001.50,2
1704067200213500000,ADD,1466,SELL,42024.00,19
1704067200213600000,CANCEL,694,,42013.00,17
1704067200213700000,ADD,1467,BUY,41955.50,15
1704067200213800000,ADD,1468,BUY,41954.00,10
1704067200213900000,ADD,1469,SELL,42023.00,9
1704067200214000000,ADD,1470,SELL,42011.50,3
1704067200214100000,CANCEL,1075,,41962.50,19
1704067200214200000,ADD,1471,SELL,42002.00,13
1704067200214300000,ADD,1472,BUY,41984.50,20
1704067200214400000,CANCEL,612,,41993.50,13
1704067200214500000,CANCEL,1094,,42025.00,16
1704067200214600000,ADD,1473,SELL,42020.50,10
1704067200214700000,ADD,1474,BUY,41991.00,7
1704067200214800000,CANCEL,428,,42014.50,12
1704067200214900000,ADD,1475,BUY,41992.00,18
1704067200215000000,ADD,1476,BUY,41973.50,1
1704067200215100000,ADD,1477,SELL,42023.00,16
1704067200215200000,ADD,1478,SELL,42011.00,19
1704067200215300000,CANCEL,767,,41964.00,10
1704067200215400000,ADD,1479,BUY,41985.50,14
1704067200215500000,CANCEL,1240,,41959.50,20
1704067200215600000,ADD,1480,SELL,42003.00,13
1704067200215700000,ADD,1481,SELL,42034.50,16
1704067200215800000,ADD,1482,BUY,42006.00,18
1704067200215900000,ADD,1483,SELL,42024.00,16
1704067200216000000,CANCEL,1134,,41995.00,19
1704067200216100000,ADD,1484,SELL,41993.00,7
1704067200216200000,ADD,1485,BUY,41979.50,11
1704067200216300000,TRADE,,SELL,42000.50,8
1704067200216400000,ADD,1486,BUY,41998.00,12
1704067200216500000,CANCEL,1317,,41982.50,19
1704067200216600000,TRADE,,BUY,42000.00,2
1704067200216700000,CANCEL,270,,41992.00,19
1704067200216800000,ADD,1487,BUY,41989.50,16
1704067200216900000,ADD,1488,BUY,42001.00,9
1704067200217000000,ADD,1489,BUY,41994.50,2
1704067200217100000,CANCEL,665,,42023.00,2
1704067200217200000,ADD,1490,SELL,41992.00,9
1704067200217300000,TRADE,,SELL,42001.00,9
1704067200217400000,ADD,1491,BUY,41976.00,4
1704067200217500000,CANCEL,1457,,42015.00,2
1704067200217600000,TRADE,,SELL,42001.00,2
1704067200217700000,TRADE,,SELL,42000.50,2
1704067200217800000,CANCEL,77,,41961.50,14
1704067200217900000,ADD,1492,BUY,42003.00,12
1704067200218000000,ADD,1493,BUY,41975.50,4
1704067200218100000,ADD,1494,BUY,41956.00,7
1704067200218200000,ADD,1495,BUY,41962.50,16
1704067200218300000,ADD,1496,SELL,41993.50,14
1704067200218400000,ADD,1497,SELL,42038.00,14
1704067200218500000,CANCEL,299,,41995.50,10
1704067200218600000,CANCEL,805,,42020.50,9
1704067200218700000,TRADE,,SELL,42001.00,9
1704067200218800000,CANCEL,719,,42027.50,12
1704067200218900000,TRADE,,BUY,42001.00,9
1704067200219000000,TRADE,,BUY,42000.50,3
1704067200219100000,ADD,1498,BUY,42009.50,5
1704067200219200000,TRADE,,BUY,42000.50,9
1704067200219300000,TRADE,,BUY,42001.00,9
1704067200219400000,CANCEL,1230,,42045.50,1
1704067200219500000,CANCEL,1445,,41987.00,16
1704067200219600000,ADD,1499,SELL,42031.00,5
1704067200219700000,CANCEL,858,,41977.50,2
1704067200219800000,CANCEL,1422,,41955.00,6
1704067200219900000,ADD,1500,SELL,42035.00,13
1704067200220000000,CANCEL,1416,,42002.00,20
1704067200220100000,ADD,1501,BUY,41986.50,5
1704067200220200000,ADD,1502,SELL,42026.00,10
1704067200220300000,ADD,1503,SELL,42002.50,18
1704067200220400000,ADD,1504,BUY,41986.50,17
1704067200220500000,ADD,1505,BUY,41981.50,12
1704067200220600000,ADD,1506,SELL,42023.00,19
1704067200220700000,CANCEL,872,,42009.50,1
1704067200220800000,ADD,1507,BUY,41979.00,18
1704067200220900000,CANCEL,493,,42025.50,18
1704067200221000000,ADD,1508,BUY,41985.50,5
1704067200221100000,CANCEL,975,,42026.50,1
1704067200221200000,CANCEL,212,,41982.50,19
1704067200221300000,ADD,1509,SELL,42018.50,4
1704067200221400000,ADD,1510,BUY,41954.50,14
1704067200221500000,CANCEL,914,,42029.50,1
1704067200221600000,ADD,1511,BUY,41970.00,18
1704067200221700000,ADD,1512,BUY,41975.00,14
1704067200221800000,TRADE,,SELL,42001.00,7
1704067200221900000,CANCEL,316,,41998.00,20
1704067200222000000,ADD,1513,BUY,41998.50,17
1704067200222100000,CANCEL,255,,41990.00,2
1704067200222200000,CANCEL,886,,41983.00,3
1704067200222300000,ADD,1514,SELL,42019.00,4
1704067200222400000,CANCEL,808,,41989.50,2
1704067200222500000,ADD,1515,BUY,41976.00,4
1704067200222600000,ADD,1516,SELL,42025.00,5
1704067200222700000,ADD,1517,SELL,41999.00,10
1704067200222800000,ADD,1518,SELL,42007.00,12
1704067200222900000,ADD,1519,BUY,41965.50,15
1704067200223000000,TRADE,,SELL,42000.50,10
1704067200223100000,ADD,1520,BUY,41988.00,15
1704067200223200000,ADD,1521,SELL,41996.00,20
1704067200223300000,ADD,1522,BUY,41977.00,15
1704067200223400000,CANCEL,1157,,42016.00,17
1704067200223500000,ADD,1523,BUY,42006.50,10
1704067200223600000,ADD,1524,BUY,41959.50,20
1704067200223700000,ADD,1525,SELL,42026.50,16
1704067200223800000,ADD,1526,BUY,41976.50,1
1704067200223900000,ADD,1527,BUY,41992.00,19
1704067200224000000,ADD,1528,SELL,42020.50,2
1704067200224100000,ADD,1529,SELL,42010.00,1
1704067200224200000,CANCEL,645,,42050.00,9
1704067200224300000,ADD,1530,BUY,41977.00,10
1704067200224400000,ADD,1531,BUY,42004.00,14
1704067200224500000,CANCEL,112,,41967.00,4
1704067200224600000,CANCEL,659,,41961.50,17
1704067200224700000,ADD,1532,SELL,42006.00,5
1704067200224800000,ADD,1533,BUY,41991.50,4
1704067200224900000,ADD,1534,BUY,41962.00,17
1704067200225000000,CANCEL,776,,41992.50,12
1704067200225100000,TRADE,,BUY,42000.50,9
1704067200225200000,ADD,1535,BUY,41961.50,1
1704067200225300000,ADD,1536,SELL,42013.00,18
1704067200225400000,CANCEL,272,,41992.50,5
1704067200225500000,ADD,1537,BUY,42006.50,7
1704067200225600000,CANCEL,321,,41998.50,17
1704067200225700000,ADD,1538,SELL,42027.50,14
1704067200225800000,TRADE,,SELL,42000.00,8
1704067200225900000,TRADE,,SELL,42000.50,3
1704067200226000000,ADD,1539,SELL,42030.50,13
1704067200226100000,TRADE,,SELL,42000.00,9
1704067200226200000,ADD,1540,BUY,41953.50,3
1704067200226300000,ADD,1541,BUY,42006.00,9
1704067200226400000,CANCEL,450,,42018.00,13
1704067200226500000,CANCEL,1516,,42025.00,5
1704067200226600000,CANCEL,1439,,41995.50,2
1704067200226700000,CANCEL,700,,42003.00,13
1704067200226800000,CANCEL,1292,,41972.50,8
1704067200226900000,CANCEL,585,,41968.50,11
1704067200227000000,ADD,1542,SELL,42023.50,20
1704067200227100000,ADD,1543,SELL,41999.00,20
